2127 3775
214 290 282 341 48

211 415 410 488 species
444 405 954 486 physicohistoricae
989 403 1296 476 plantarum
1333 404 1585 468 existunt,
1623 419 1733 452 non
1769 404 1867 456 erit
1889 404 2049 476 possi-

210 501 319 552 bile
345 539 361 568 ,
415 515 592 550 omnes
639 490 789 565 quasi
837 489 893 540 in
931 508 1097 539 unam
1136 486 1326 539 seriem
1375 487 1448 538 ita
1499 486 1796 556 collocare,
1845 500 1906 541 ut
1940 509 2051 541 una

208 588 355 658 juxta
393 583 611 632 alteram
647 575 815 648 posita
851 573 1145 645 adpareat,
1196 570 1304 622 acsi
1359 570 1718 624 similitudinis
1767 575 2046 627 relationes

208 668 456 722 omnibus
494 664 632 714 inter
669 681 719 713 se
758 670 924 711 essent
962 658 1203 724 eaedem,
1243 657 1332 707 sed
1361 676 1610 729 persaepe
1641 659 1802 726 duae,
1842 671 1940 712 tres
1965 661 2052 714 vel

205 756 382 827 plures
411 748 640 823 speciem
689 745 918 797 eundem
950 744 1130 794 locum
1164 742 1222 791 in
1261 750 1536 812 systemate
1571 755 1843 816 expetent,
1880 746 1951 798 ita
1988 756 2050 798 ut

203 837 520 889 fasciculum
570 832 719 906 quasi
766 829 1064 904 specierum
1106 827 1400 879 necessario
1443 847 1705 879 assumere
1755 850 2046 902 cogamur,

207 924 303 998 qui
343 930 564 975 vocatur
609 938 796 991 genus.
862 915 1138 966 Unitatem
1180 912 1410 984 primam
1447 925 1562 984 post
1601 915 1829 987 speciem
1877 936 2046 988 genus

205 1026 521 1080 nuncupare
538 1006 800 1068 volmnus,
833 1011 882 1052 et
904 1019 1001 1051 cur
1030 997 1247 1049 nomina
1277 1008 1561 1067 mutemus,
1601 1001 1642 1051 si
1672 1002 1830 1052 modo
1862 1003 1924 1053 de
1956 1023 2048 1054 no-

206 1097 349 1150 tione
378 1112 501 1144 cum
531 1089 633 1140 illis
658 1087 933 1160 jungenda
963 1085 1104 1135 inter
1134 1083 1406 1134 botanicos
1432 1083 1729 1156 harmonia.
1781 1088 1890 1138 Illa
1916 1107 2047 1140 vero

200 1200 409 1253 genera
437 1176 916 1252 physicohistorica
942 1191 1282 1246 nequaquam
1307 1192 1430 1222 cum
1461 1173 1588 1223 aliis
1607 1175 1914 1246 generibus,
1946 1176 2055 1226 nisi

202 1272 362 1321 etiam
386 1284 490 1335 per
514 1264 653 1314 hanc
680 1261 991 1314 methodum
1014 1257 1569 1329 physicolzistoricam
1598 1261 1883 1324 productis
1908 1279 2049 1310 com-

200 1352 383 1427 parari
419 1351 627 1402 debent.
664 1348 754 1398 Illa
788 1346 931 1398 enim
983 1344 1084 1394 alia
1124 1344 1439 1415 plerumque
1483 1363 1578 1414 per
1617 1343 1930 1395 divisionem
1964 1345 2049 1397 vel

199 1450 351 1492 notas
390 1435 685 1508 singulares
720 1433 979 1506 producta
1015 1439 1163 1495 sunt,
1203 1448 1364 1501 quam
1406 1429 1602 1500 agendi
1644 1429 1907 1480 rationem
1943 1450 2049 1481 me·
2126 1456 2127 1507 ᾗ

200 1525 393 1579 thodus
424 1516 901 1595 physicohistorica
928 1515 1082 1587 plane
1114 1515 1308 1581 rejicit,
1349 1513 1545 1586 cuique
1576 1524 1781 1566 natura
1819 1536 1928 1568 non
1968 1535 2049 1568 re·
2126 1521 2127 1536 *

200 1612 450 1681 spondet.

346 1691 580 1745 Unicam
620 1690 824 1742 hancce
870 1707 977 1740 esse
1029 1686 1340 1739 methodum
1371 1722 1386 1752 ,
1444 1683 1919 1757 physicohistorica
1958 1706 2046 1760 ge-

203 1800 333 1832 nera
377 1777 590 1830 sistendi
614 1795 678 1827 ex
720 1778 874 1829 divi
904 1776 1223 1826 Jussieui
1255 1768 1486 1823 mirifica
1531 1770 1813 1842 sagacitate
1859 1782 1909 1824 et
1945 1773 2046 1824 sin-

201 1864 383 1939 gulari
419 1863 653 1935 augurio
703 1871 953 1913 naturam
993 1859 1403 1932 perscrutantis,
1458 1876 1566 1908 non
1615 1856 1827 1924 minus,
1884 1878 2047 1929 quam

203 1972 266 2003 ex
304 1949 535 2001 aliorum
574 1945 946 2014 confitentium
984 1944 1161 1998 verbis
1209 1944 1463 2016 sequitur.
1518 1942 1606 1992 Sic
1646 1940 1904 2018 'praefatis
1951 1963 2045 1994 sua

205 2052 403 2106 genera
435 2032 741 2103 plantarum
772 2029 924 2080 divus
956 2029 1071 2095 ille,
1111 2029 1174 2079 de
1203 2028 1590 2100 congregandis
1634 2027 1691 2078 in
1732 2026 2047 2080 fasciculum

203 2119 480 2192 speciebus
511 2116 894 2167 sermocinatus
927 2114 1271 2187 memoranda
1301 2113 1445 2164 addit
1474 2106 1668 2165 verba:
1715 2110 1893 2181 Genus
1924 2116 2048 2166 inde

202 2205 587 2267 constituitur,
645 2202 947 2271 specierum
1003 2189 1253 2250 similium
1301 2201 1583 2268 congeries
1609 2238 1625 2265 ,
1677 2201 1827 2267 cujus
1869 2210 2046 2251 tamen

199 2289 354 2343 nulla
401 2289 636 2339 traditur
678 2280 915 2351 definitio
951 2295 1120 2350 certa,
1173 2293 1271 2335 nec
1317 2294 1584 2336 accurata
1630 2285 2049 2336 constructionis

194 2367 512 2447 praeceptio
544 2375 599 2424 in
627 2369 877 2422 methodo
913 2368 1186 2432 naturali,
1228 2388 1368 2440 quae
1416 2372 1599 2421 omnes
1642 2377 1786 2421 nexu
1821 2370 2042 2421 insensi-

200 2463 244 2514 li
271 2461 545 2514 connectit
580 2458 786 2526 species
813 2464 1035 2508 servata
1082 2447 1386 2522 affinitate,
1425 2464 1477 2504 et
1515 2455 1742 2505 dicenda
1780 2473 1907 2504 vere
1949 2473 2046 2505 na-

203 2547 407 2599 turalia
435 2561 672 2614 genera,
711 2542 837 2591 dum
869 2533 1066 2610 affines
1096 2540 1300 2608 species
1325 2558 1436 2589 non
1476 2549 1771 2607 segregant
1796 2539 1892 2591 nec
1933 2543 2044 2590 uni-

198 2650 419 2697 versam
468 2626 779 2681 disturbant
819 2627 1029 2677 seriem,
1090 2621 1157 2672 Et
1192 2621 1476 2674 Linnaeus
1513 2623 1780 2695 quondam
1838 2623 2042 2676 sincere

200 2716 376 2767 amico
421 2709 808 2777 confitebatur,
868 2707 999 2782 quid
1034 2706 1251 2781 proprie
1293 2707 1356 2760 sit
1390 2727 1579 2783 verum
1621 2728 1816 2780 genus,
1864 2711 1915 2761 s'e
1951 2730 2039 2762 ne-

202 2819 357 2853 scire.·

853 2958 1400 3046 §.29.ord‘0.

234 3196 239 3199 μ
316 3196 318 3198 v
364 3110 609 3177 Gradus
657 3113 961 3174 secundus
1006 3098 1425 3173 similitudinis
1465 3112 2035 3193 physicohistoricae

202 3204 416 3274 definit
455 3209 781 3271 secundam
826 3232 1011 3293 supra
1054 3209 1314 3292 speciem
1374 3213 1663 3268 unitatem
1702 3211 2034 3289 systemati-

203 3332 334 3371 cam
362 3309 399 3366 i.
437 3331 485 3366 e.
518 3306 805 3367 ordinem.
862 3306 1025 3366 Ordo
1057 3320 1145 3365 est
1176 3306 1364 3385 igitur
1410 3304 1757 3384 complexus
1782 3305 2030 3366 illorum

203 3425 497 3490 generum
517 3449 530 3474 ‚
579 3424 734 3484 quae
765 3403 878 3462 hoc
916 3400 1328 3463 similitudinis
1357 3400 1548 3480 gradu
1584 3424 1607 3480 J
1619 3413 1950 3491 unguntur.
