2127 3775
1903 271 1969 321 37

140 390 505 457 germanicam
536 390 711 462 potius
746 390 936 450 huicce
968 394 1268 465 propriores
1303 393 1618 447 referebant.
1658 397 1756 446 Pro
1794 395 1978 466 hybri-

144 471 222 523 dis
250 484 427 526 autem
461 474 548 525 illa
575 475 866 526 individuis
904 477 1124 528 omnino
1156 479 1324 530 dictus
1350 491 1504 532 autor
1532 480 1706 532 habet.

221 638 266 698 §.
319 636 406 709 24.
462 635 566 692 De
621 637 972 703 transitu
1017 641 1364 696 omnium
1409 642 1896 720 specierum.

303 768 423 827 Alii
456 769 702 850 quidem
737 772 1060 828 transitum
1088 794 1198 852 per
1224 774 1484 852 hybrida
1503 776 1815 834 individua
1839 798 1981 834 con-

144 864 405 936 cedunt,
451 865 555 923 sed
589 867 772 924 talem
822 866 1350 926 foecundationem
1392 893 1503 949 per
1542 894 1749 930 omnes
1789 873 1983 952 pluri-

143 981 386 1019 morum
424 982 717 1040 generum
749 964 976 1041 species
1012 964 1354 1022 continuari
1402 987 1576 1045 posse
1622 968 1801 1025 simul
1847 991 1987 1026 con-

145 1054 443 1126 tendunt,
488 1055 569 1113 ita
602 1068 672 1112 ut
697 1056 923 1115 nullibi
954 1058 1113 1117 inter
1143 1058 1272 1117 illas
1316 1060 1710 1120 determinari
1760 1076 1988 1146 queant

146 1150 312 1210 fines·

309 1243 530 1295 Etiamsi
560 1246 822 1317 grandem
853 1245 1054 1299 hancce
1088 1247 1408 1321 hypothesin
1441 1270 1546 1301 non
1575 1251 1755 1304 minus
1780 1272 1888 1303 non
1911 1272 1988 1304 re-

144 1328 317 1381 futare
344 1350 650 1403 possumus,
690 1351 853 1405 quam
886 1333 927 1382 si
959 1334 1077 1405 quis
1095 1333 1413 1385 Danubium
1432 1347 1680 1410 sequente
1697 1337 1841 1388 Julio
1861 1339 1988 1389 flue-

145 1436 204 1467 re
239 1426 566 1468 cessaturum
596 1417 957 1488 praesaretur,
998 1428 1175 1469 tamen
1209 1419 1315 1471 huc
1344 1432 1391 1472 et
1420 1421 1548 1473 illuc
1577 1444 1676 1495 pro
1724 1425 1992 1486 contrario

146 1505 318 1574 major
344 1501 730 1569 verisimilitas,
771 1513 821 1553 et
860 1503 1074 1555 nonnisi
1121 1505 1430 1556 mirandum
1468 1518 1627 1576 esset,
1687 1510 1986 1581 quomodo,

147 1610 282 1662 quae
309 1588 587 1661 hucusque
614 1589 862 1649 valebant
907 1589 963 1640 in
993 1591 1288 1660 botanicis,
1314 1593 1606 1669 potuissent
1642 1595 1859 1646 existere
1879 1634 1894 1662 ,
1949 1596 1991 1645 si

148 1676 225 1727 illi
256 1686 428 1727 essent
459 1675 569 1726 sine
595 1673 706 1725 'fine
739 1675 1019 1743 transitus,
1060 1676 1219 1748 idque
1252 1692 1519 1749 porro‘ne
1561 1679 1720 1729 nimis
1768 1679 1870 1730 cito
1917 1698 1992 1730 as—

149 1782 450 1828 sumamus,
489 1761 734 1832 analogia
765 1771 904 1813 vetat
942 1782 1004 1813 ex
1053 1763 1158 1814 alio
1197 1784 1366 1836 regno
1406 1760 1676 1836 organico.
1734 1765 1864 1836 Quis
1896 1785 1992 1816 un·

150 1867 308 1919 quam
340 1846 498 1897 talem
521 1866 617 1918 per
650 1844 1114 1897 foecundationem
1146 1849 1519 1902 continuatum
1547 1851 1828 1902 transitum
1854 1850 1993 1902 inter

150 1952 395 1999 murem,
436 1951 649 1999 canem,
674 1951 872 2004 equum
920 1952 962 1982 e.
994 1954 1030 1983 s.
1070 1954 1120 2004 p.
1176 1934 1243 1984 ad
1290 1933 1564 1987 hominem
1605 1955 1770 2009 usque
1808 1956 1992 1988 conce-

153 2015 275 2071 det?
315 2028 364 2069 et
391 2028 567 2070 tamen
599 2029 647 2069 et
676 2017 764 2070 1110
789 2017 1021 2090 hybrida
1055 2020 1312 2089 existunt,
1343 2023 1674 2074 diversarum
1694 2023 1991 2095 specierum

152 2105 432 2158 individua
478 2105 790 2177 jungentia,
858 2106 935 2157 uti
979 2107 1155 2157 mulus
1199 2118 1248 2159 et
1298 2130 1333 2159 s.
1378 2131 1429 2182 p.
1481 2109 1644 2160 Porro
1690 2109 1732 2159 si
1772 2119 1991 2181 propter

154 2192 474 2245 continuum
513 2191 795 2244 transitum
822 2191 962 2243 inter
1003 2211 1183 2244 omnes
1219 2185 1422 2265 plantas
1461 2204 1775 2269 regnantem
1815 2214 1995 2245 omnes

154 2277 369 2330 nonnisi
400 2296 564 2327 unam
592 2276 819 2347 speciem
851 2275 1154 2344 efficerent,
1195 2275 1354 2329 etiam
1400 2279 1479 2336 uti
1528 2301 1623 2334 nos
1670 2281 1993 2332 ostendimus

156 2365 214 2416 in
245 2362 510 2414 schemate
544 2361 860 2434 qualitatum
887 2361 1129 2412 omnium
1163 2362 1301 2419 inter
1337 2384 1387 2415 se
1417 2366 1732 2437 qualitatum
1772 2367 1993 2418 varieta⁴

158 2460 232 2500 tes
276 2447 573 2499 combinari
607 2456 825 2519 possunt
861 2456 908 2497 et
945 2466 1067 2496 sane
1108 2448 1339 2499 multum
1385 2451 1693 2502 mirandum
1735 2452 1991 2524 ejusmodi

159 2531 607 2598 combinationes,
647 2530 725 2582 uti
753 2531 982 2581 melones
1008 2531 1063 2582 111
1101 2552 1361 2604 quercus,
1399 2555 1529 2587 uvas
1560 2549 1738 2590 autem
1777 2540 1833 2589 111
1854 2539 1993 2611 pinis

158 2639 203 2670 e.
243 2639 278 2669 s.
314 2638 366 2690 p.
405 2615 681 2690 hucusque
705 2616 920 2668 nonnisi
943 2616 1000 2668 in
1026 2618 1311 2672 arboribus
1349 2634 1558 2676 sanctae
1602 2624 1771 2677 noctis
1812 2644 1997 2677 occur·

160 2703 302 2755 risse.

326 2788 420 2850 De
445 2788 704 2840 Candolii
721 2799 899 2839 autem
925 2787 1024 2841 hac
1053 2789 1114 2841 de
1133 2810 1190 2841 re
1217 2792 1380 2843 verba
1409 2792 1516 2844 fere
1545 2806 1666 2848 sunt
1693 2797 1995 2870 sequentia:

166 2870 369 2940 »Cum,
408 2893 543 2946 quae
577 2893 638 2923 ex
670 2873 851 2924 eodem
870 2874 1068 2926 semine
1087 2876 1338 2928 oriuntur
1363 2878 1604 2950 plantae,
1637 2901 1889 2956 persaepe
1924 2883 1999 2933 di-

165 2977 338 3008 versas
376 2958 650 3040 qualitates
706 2960 1010 3027 ostendant,
1062 2962 1307 3012 nonnulli
1352 2965 1772 3034 concluderunt,
1836 2969 1994 3020 etiam

165 3042 293 3094 alias
320 3043 550 3114 plantas,
604 3065 836 3117 quarum
873 3045 1015 3098 hisce
1052 3066 1159 3097 non
1201 3050 1429 3120 majores
1469 3062 1593 3103 sunt
1635 3054 1995 3121 differentiae,

167 3148 230 3180 ex
260 3148 367 3180 una
398 3126 457 3181 01
477 3129 659 3180 eadem
689 3130 963 3202 primitiva
991 3132 1169 3204 planta
1215 3144 1389 3186 ortum
1433 3156 1737 3209 agnoscere.
1789 3138 1997 3192 Haecce

167 3212 384 3286 quidem
410 3231 534 3264 cum
560 3224 736 3266 nostra
767 3215 829 3266 de
857 3215 1027 3287 specie
1054 3214 1256 3268 theoria
1298 3239 1542 3292 pugnare
1581 3222 1860 3291 videntur,
1911 3226 1998 3276 sed

170 3298 383 3351 nonnisi
411 3317 561 3370 saepe
592 3319 683 3350 nos
717 3298 826 3351 falli
854 3300 910 3351 in
957 3303 1066 3371 ejus
1109 3301 1492 3374 applicatione,
1543 3307 1780 3360 edocent.
1827 3310 1918 3361 Sic
1959 3310 2003 3360 si

175 3383 291 3455 quis
317 3383 468 3435 nobis
497 3385 821 3452 ostenderet,
862 3407 1039 3439 omnes
1075 3407 1196 3441 eum
1237 3389 1417 3443 striato
1458 3389 1636 3445 fructu
1677 3394 2003 3448 ranunculos
