2127 3775
227 232 294 283 89

230 370 358 415 tum
389 354 625 413 nonnisi
661 349 1031 410 individuum
1061 371 1185 409 esse
1214 361 1432 431 potest.
1492 347 1776 409 Attamen
1821 364 1880 410 et
1923 373 2053 432 spe-

229 453 343 511 cics
375 449 646 509 concedit
675 446 1128 525 descriptionem
1141 446 1509 518 ἓιηεζιῖἰαίαιιη,
1553 467 1692 503 cum
1731 467 1843 525 per
1873 449 2053 507 series

231 547 592 628 qualitatum
635 541 1313 622 physicohistoricarum
1382 542 1649 599 construi
1712 543 1924 621 possit,
1998 555 2056 601 et

230 644 372 700 hacc
419 637 666 719 speciei,
739 649 809 694 ut
855 636 927 693 ab
972 636 1421 712 illajindividui
1476 636 1882 714 discernatur,
1956 636 2058 697 de-

231 736 470 818 scriptio
490 778 506 805 ,
549 733 770 792 dicitur
798 730 1050 791 Schema
1079 736 1325 814 speciei}

361 867 756 940 Descriptiones
790 865 1195 917 individuorum
1244 876 1293 918 et
1326 871 1482 928 (cum
1506 865 1784 938 hucusque
1816 865 1873 917 in
1914 864 2058 917 bota-

232 955 362 1006 nicis
394 957 590 1026 species
622 964 671 1005 et
701 952 1047 1004 individuum
1077 962 1199 1004 sunt
1222 951 1394 1014 idem)
1413 989 1429 1020 ,
1465 951 1839 1006 botanicarum
1869 951 2063 1023 specie-

238 1061 360 1091 rum
389 1060 497 1090 non
523 1059 639 1090 eam
680 1038 961 1091 utilitatem
1004 1038 1293 1110 praebent,
1348 1058 1504 1111 quam
1551 1038 1901 1110 pollicentur,
1947 1038 2065 1088 nul-

234 1127 314 1177 lus
360 1125 501 1176 enim
544 1144 708 1175 nexus
755 1122 1100 1195 exprimitur,
1168 1127 1222 1175 in
1265 1145 1369 1194 quo
1414 1124 1693 1177 individua
1737 1123 2069 1195 homogenea

241 1222 533 1278 versantur,
561 1222 613 1262 et
628 1229 731 1278 per
757 1229 910 1278 quem
930 1220 1052 1261 sunt
1075 1209 1422 1282 homogenea.
1450 1211 1671 1281 Insuper
1685 1210 1775 1263 vix
1802 1209 2071 1281 possibile,

232 1297 410 1347 omnia
476 1294 754 1347 individua
811 1293 1125 1346 describere.
1177 1294 1319 1347 Hinc
1357 1295 1730 1369 descriptiones
1770 1294 2073 1347 individuo-

236 1403 390 1448 rum,
462 1401 595 1453 quae
667 1399 847 1432 omnes
918 1380 1193 1452 qualitates
1264 1380 1575 1448 continent,
1676 1380 1890 1431 nonnisi
1943 1380 2072 1430 dum

239 1467 586 1534 adhibemus,
635 1464 678 1516 si
720 1465 955 1537 singulas
992 1465 1269 1518 varietates
1295 1466 1361 1516 ab
1413 1465 1528 1516 aliis
1566 1465 1835 1517 distinctas
1878 1463 2074 1515 habere
2119 1534 2123 1536 -

236 1554 509 1618 volumUS,
573 1550 657 1602 vel
694 1549 737 1599 si
783 1570 961 1602 novae
1008 1550 1282 1621 cujusdam
1329 1551 1522 1622 speciei
1565 1560 1701 1612 sunt¹
1729 1549 2075 1601 describenda

245 1638 546 1704 individua,
583 1636 667 1688 vel
694 1634 736 1685 si
765 1644 919 1685 notae
963 1633 1157 1706 speciei
1199 1633 1480 1686 individua
1529 1655 1693 1687 nova,
1745 1633 1859 1684 Ubi
1897 1643 2076 1685 autem

242 1743 348 1774 non
386 1722 550 1790 haec,
603 1721 691 1772 sed
735 1720 949 1772 nonnisi
994 1720 1185 1793 speciei
1218 1720 1507 1792 perfectam
1538 1719 1933 1792 cognitionem,
1971 1718 2077 1771 cito

242 1819 289 1860 et
324 1827 533 1874 secure,
573 1805 834 1877 attingere
862 1807 1137 1872 volumuS,
1175 1806 1230 1857 id
1276 1806 1491 1859 nonnisi
1530 1826 1625 1879 per
1668 1805 2076 1878 descriptionem

243 1892 434 1965 speciei
462 1891 495 1941 i.
533 1911 575 1941 e.
613 1910 708 1962 per
741 1889 951 1941 schema
985 1889 1101 1940 fieri
1124 1901 1306 1962 potest.

382 1975 609 2027 Schema
639 1986 816 2027 autem
844 1976 1190 2047 producitur,
1245 1975 1286 2027 si
1323 1975 1497 2048 primo
1532 1974 1873 2026 individuum
1917 1972 2077 2045 hujus

247 2062 470 2136 speciei,
500 2061 641 2133 quod
679 2081 858 2112 omnes
889 2062 1163 2134 qualitates
1197 2060 1416 2126 definite,
1443 2060 1704 2133 exprimit,
1736 2062 2083 2111 attentissime

247 2150 612 2202 describimus,
652 2146 805 2198 Haec
837 2150 1055 2199 nonnisi
1082 2168 1150 2200 ex
1174 2149 1397 2217 singulis
1422 2149 1565 2199 notis
1593 2157 1807 2199 constat
1851 2147 2084 2214 descrip-

249 2237 357 2299 tio,
407 2252 546 2301 qaae
588 2241 714 2282 sunt
754 2231 994 2282 membra
1035 2251 1257 2283 sizaram
1311 2234 1585 2284 seriel-am.
1653 2230 1799 2281 Loco
1851 2230 2084 2294 cujusvis

252 2321 372 2372 dein
399 2318 626 2369 membri
645 2334 902 2387 ponamus
931 2328 1098 2369 totam
1123 2320 1346 2385 seriem,
1385 2317 1464 2369 uti
1504 2314 1825 2388 experientia
1869 2311 2083 2364 exhibe-

252 2414 340 2455 tur
358 2413 407 2456 ct
433 2405 644 2475 Speciei
665 2403 951 2469 descriptio
978 2404 1013 2455 i.
1048 2423 1090 2454 e.
1109 2402 1324 2455 schema
1335 2399 1512 2471 finita
1538 2405 1651 2454 erit.
1667 2400 1803 2450 Nam
1829 2398 1910 2450 uti
1934 2400 2088 2450 ideae

253 2491 455 2557 speciei
481 2488 836 2539 schematieae
877 2486 1087 2558 singula
1126 2487 1407 2539 individua
1447 2486 1791 2537 fundamenta
1832 2485 2088 2557 praebue-

255 2582 415 2639 runt,
456 2583 503 2624 et
535 2575 872 2642 expressioni
912 2573 1127 2625 verbali
1155 2572 1306 2642 lzajas
1336 2576 1489 2625 ideae
1510 2572 1544 2623 i.
1581 2591 1623 2623 e.
1666 2570 1934 2623 Schemati
1977 2590 2087 2643 spe-

258 2657 360 2708 ciei
389 2657 723 2729 singulorum
748 2656 1176 2709 adumbrationes
1205 2658 1356 2710 basin
1386 2657 1631 2710 efficient.

652 2807 699 2870 §0
743 2798 834 2858 56.
879 2799 1198 2861 Indoles
1241 2801 1704 2861 SchematiS.

421 2933 816 2995 Schematum
851 2935 984 2994 talis
1020 2937 1377 2996 constitutio.
1399 2959 1522 2994 esse
1567 2934 1782 3006 debet,
1836 2946 1906 2992 ut
1939 2953 2092 2993 com-

266 3027 525 3106 pletam,
579 3033 973 3108 perspicuam
1029 3044 1088 3090 et
1117 3033 1318 3112 facile
1351 3029 1851 3112 perlustrandam
1900 3029 2092 3094 ideam

270 3124 486 3203 speciei
512 3121 884 3205 producant,
930 3139 990 3186 et
1016 3140 1086 3186 ut
1117 3127 1346 3185 formae
1393 3127 1457 3185 in
1505 3127 1786 3185 omnibus
1831 3124 2091 3208 quadam

268 3219 629 3300 aequalitate
677 3232 735 3278 et
781 3223 1109 3283 constantia
1153 3243 1363 3285 eorum
1397 3243 1577 3300 USUS,
1635 3233 1926 3305 quantum
1985 3239 2093 3297 po-

273 3331 405 3391 test,
449 3316 799 3378 facilitetur.
