2127 3775
1841 271 1909 321 47

74 387 249 440 luisse.
291 385 529 440 Unicum
566 389 775 441 nonnisi
813 399 888 442 est
923 390 1222 441 remedium
1253 426 1268 458 ,
1320 411 1425 465 quo
1475 392 1590 444 talis
1631 393 1908 464 judicandi

79 473 298 525 facultas
336 474 532 547 optime
563 485 839 527 exercetur
864 507 929 515 —
957 495 1147 548 nempe
1177 488 1424 545 naturae,
1463 479 1526 531 sit
1553 478 1607 528 in
1637 479 1913 551 qualicun-

70 578 174 634 que
201 579 401 632 regno,
442 581 560 615 cum
593 573 767 615 mente
795 565 1039 613 instituta
1049 559 1321 631 frequens
1358 564 1762 635 contemplatio.
1802 597 1869 606 -

210 647 268 696 si
298 658 475 698 autem
507 647 770 719 quaestio,
810 657 937 718 quot
973 658 1087 718 post
1130 648 1356 720 speciem
1393 648 1619 699 unitates
1656 669 1752 721 per
1795 650 1916 702 ulti-

70 731 147 783 mi
173 732 427 804 principii
467 731 879 804 applicationem
922 729 1229 803 prodeunt?
1268 753 1296 783 a
1334 734 1502 805 priori
1546 735 1675 784 illud
1719 753 1916 808 nequa-

73 837 238 890 quam
270 818 618 870 determinari
645 817 853 889 poterit.
895 817 1183 889 Hucusque
1227 819 1422 889 species
1457 819 1513 869 in
1540 839 1735 891 genera
1774 823 1916 874 colli-

69 904 368 976 gebantur,
407 904 463 954 in
503 904 714 954 ordines
748 913 926 954 autem
965 923 1190 976 genera,
1230 905 1326 975 qui
1364 906 1430 955 ad
1469 919 1810 978 conspectum
1841 910 1915 961 fa·

68 989 385 1041 cilitandum
420 990 637 1039 effecere
670 989 866 1041 classes.
907 988 1185 1040 Cum'non
1221 990 1399 1041 minus
1439 1002 1487 1043 et
1507 1003 1684 1063 postea
1719 1004 1768 1045 et
1804 1016 1916 1067 spe·

68 1075 173 1126 cies
212 1085 261 1126 et
296 1092 522 1146 genera,
571 1093 670 1126 nec
707 1094 816 1126 non
853 1076 1062 1126 ordines
1101 1075 1204 1127 sint
1241 1078 1585 1148 expectandi,
1631 1084 1917 1153 supposita

67 1163 269 1230 speciei
301 1163 616 1225 existentia,
653 1160 822 1234 qualis
851 1181 979 1233 ergo
1014 1161 1056 1211 si
1084 1161 1416 1230 retinentur,
1455 1173 1699 1218 veterum
1746 1166 1916 1219 nomi-

69 1265 203 1300 num
239 1246 387 1301 notio
425 1256 474 1301 et
509 1266 716 1313 sensus,
754 1246 908 1299 brevi
946 1265 1288 1320 exponamus.

665 1485 856 1553 §.28.
920 1485 1302 1547 Genus·

224 1642 461 1701 Primus
501 1652 562 1699 et
599 1661 866 1698 summus
904 1637 1128 1727 gradus
1172 1638 1592 1699 similitudinis
1635 1642 1916 1722 physico-

66 1736 390 1796 historicae
432 1737 694 1818 primam
736 1757 920 1817 supra
969 1736 1233 1816 speciem
1282 1738 1731 1816 systematicam
1778 1740 1917 1798 uni-

66 1844 257 1892 tatem
299 1832 528 1892 definit.
571 1835 680 1893 Est
716 1853 857 1912 ergo
898 1851 1086 1912 genus
1128 1834 1479 1915 complexus
1518 1835 1736 1894 talium
1779 1851 1917 1917 spe-

66 1928 334 2001 cierum,
380 1952 537 2012 quae
572 1950 684 2010 per
720 1946 1030 1988 summum
1072 1929 1330 2011 gradum
1371 1930 1789 1990 similitudinis
1825 1932 1918 1990 in-

66 2023 262 2084 vicem
291 2023 658 2106 junguntur.

206 2119 389 2172 Genus
428 2141 557 2193 ergo
586 2131 661 2173 est
694 2121 1047 2174 manifestatio
1091 2140 1331 2173 summae
1371 2114 1736 2174 similitudinis
1770 2121 1913 2175 inter

67 2203 280 2278 species.
320 2201 548 2257 Nonnisi
575 2206 633 2258 in
663 2207 924 2280 speciem,
963 2228 1068 2280 qua
1090 2216 1261 2260 toturn
1296 2208 1599 2281 quoddam,
1640 2228 1915 2282 compara·

67 2301 176 2343 tam
203 2309 327 2342 cum
353 2291 456 2342 alia
485 2302 577 2345 aut
612 2293 728 2345 aliis
756 2293 888 2346 haec
929 2294 1077 2346 notio
1108 2294 1367 2367 applicari
1406 2303 1604 2366 potest,
1644 2315 1769 2346 nam
1809 2296 1914 2347 sin-

69 2375 198 2449 gula
240 2375 520 2430 individua
551 2378 646 2430 etsi
677 2379 1029 2430 diversissima
1068 2390 1244 2431 tamen
1274 2378 1607 2450 homogenea
1640 2399 1746 2431 esse
1795 2401 1911 2453 pos-

67 2472 227 2531 sunt,
282 2460 679 2537 homogeneitas
723 2479 833 2517 non
887 2465 1033 2517 enim
1061 2485 1160 2540 pro
1186 2459 1556 2517 similitudinis
1588 2463 1764 2516 forsan
1803 2485 1912 2517 ma-

67 2551 181 2623 jore
218 2549 393 2622 gradu
428 2547 691 2602 habenda.

210 2634 422 2708 Species
460 2654 589 2706 ergo
613 2673 629 2703 ,
689 2656 748 2688 ea
793 2635 1000 2688 ratione
1038 2655 1133 2709 per
1171 2635 1504 2711 principium
1546 2606 1912 2690 similitudinis

67 2720 575 2797 physicohistoricae
603 2722 834 2792 junctae,
873 2733 934 2774 ut
959 2722 1077 2774 idea
1097 2722 1286 2775 exinde
1321 2723 1571 2796 prodiens
1596 2723 1663 2774 ab
1697 2723 1786 2774 illa
1810 2723 1914 2776 sin·

71 2807 230 2879 gulae·
265 2806 497 2880 cujusvis
531 2807 723 2880 speciei
756 2828 863 2859 non
902 2810 1133 2861 multum
1174 2810 1423 2876 abludat,
1473 2822 1645 2860 unum*
1683 2820 1733 2862 et
1768 2808 1913 2861 idem

72 2893 314 2946 efficiunt
349 2913 535 2965 genus.
573 2893 690 2944 Idea
726 2892 918 2965 speciei
955 2888 1302 2946 absolutionis
1334 2895 1488 2946 statui
1535 2915 1696 2971 quam
1732 2895 1910 2969 proxi·

72 3000 159 3032 ma
188 2999 292 3030 esse
318 2990 507 3052 potest,
547 2980 588 3031 si
614 2980 931 3033 varietatum
955 2981 1220 3054 plurimae
1250 2991 1402 3033 notae
1428 2992 1549 3034 sunt
1570 3014 1638 3022 -—
1661 2982 1750 3032 sed
1776 3002 1914 3034 nun-

72 3087 235 3141 quam
266 3067 502 3120 absolute
532 3068 790 3140 completa
826 3067 931 3119 dici
956 3078 1123 3141 potest
1155 3068 1243 3118 illa
1269 3067 1511 3140 generis,
1550 3064 1674 3141 quia
1713 3069 1915 3122 multae

71 3152 250 3206 adhuc
279 3153 412 3205 citra
443 3153 722 3227 empiriam
748 3154 943 3227 species
977 3154 1195 3206 existere
1225 3164 1472 3227 possunt,
1512 3153 1569 3205 in
1595 3153 1794 3228 quihus
1831 3175 1914 3208 re-

77 3241 440 3313 cognoscenda
484 3240 584 3294 erit
615 3238 912 3295 communis
956 3240 1072 3292 idea
1113 3239 1338 3316 speciei,
1386 3251 1437 3294 et
1475 3259 1612 3315 quae
1650 3237 1778 3295 hinc
1813 3262 1911 3296 suo

77 3346 200 3380 cum
235 3347 430 3401 genere
456 3337 578 3379 sunt
611 3328 933 3402 jungendae.

210 3413 555 3470 Necessitudo
599 3413 808 3487 generis
846 3413 1034 3467 exinde
1069 3413 1351 3486 prodibit,
1399 3412 1524 3487 quia
1551 3450 1566 3479 ,
1616 3413 1715 3467 ubi
1751 3410 1912 3469 simul
