2127 3775
239 196 307 247 ¹26

236 321 291 371 in
328 319 413 370 illa
433 319 688 393 applicari
716 327 944 390 possunt.
983 318 1126 369 Haec
1151 335 1279 390 ergo
1306 317 1569 391 principia
1596 315 1807 369 nonnisi
1821 315 1879 367 in
1905 314 2044 386 obje-

236 416 315 458 cta
344 415 465 457 sunt
493 402 822 475 applicanda,
847 422 979 475 quae
1004 403 1141 454 inter
1167 422 1218 453 se
1245 410 1365 453 sunt
1395 405 1609 456 diversa
1641 401 2047 461 (verschieden).

450 571 500 630 ς.
541 561 627 618 18.
683 555 1131 640 Applicatio
1179 558 1850 639 homogeneitatis.

386 699 524 754 Duo
562 706 665 753 aut
699 694 879 774 plura
921 716 1043 754 non
1077 692 1335 753 identica
1381 693 1692 753 individua
1735 693 1904 774 regni
1949 714 2048 752 ve-

240 793 549 875 getabilis,
593 791 658 848 in
693 790 915 872 quibus
955 789 1325 850 diversitates
1371 791 1731 872 qualitatum
1761 790 2053 869 homony-

235 909 475 948 marum
503 885 685 944 talem
712 887 872 944 inter
898 907 959 944 se
991 886 1223 946 habent
1248 886 1629 957 relationem,
1672 897 1743 943 ut
1772 884 1883 942 sub
1925 905 2053 942 cer-

231 985 307 1043 tis
352 980 695 1044 notionibus
728 981 925 1061 colligi
968 994 1027 1040 et
1071 1004 1183 1062 per
1229 984 1360 1041 illas
1415 982 1543 1041 tolli
1594 982 1860 1062 possint,
1925 1000 2047 1062 quo

229 1079 389 1138 facto
430 1078 570 1137 talia
613 1076 920 1135 individua
959 1078 1024 1135 in
1069 1079 1361 1136 unitatem
1401 1076 1577 1157 jungi
1619 1088 1870 1158 possunt
1899 1121 1915 1147 ‚
1974 1073 2051 1132 ad

234 1195 415 1254 quam
449 1174 635 1232 relata
673 1194 794 1232 non
826 1172 1085 1256 amplius
1117 1174 1277 1233 inter
1303 1194 1363 1232 se
1387 1172 1720 1257 dg'ff'erzmt,
1763 1171 2052 1230 dicuntur

231 1267 607 1347 homogenea.
2126 1336 2127 1344 ἵ

364 1364 482 1414 Illae
515 1373 692 1415 autem
727 1363 1080 1431 differentiae,
1118 1382 1289 1440 neque
1317 1359 1360 1414 si
1387 1363 1451 1413 ad
1479 1381 1759 1415 numerum
1787 1379 1944 1413 suum
1972 1377 2051 1410 re·
2126 1365 2127 1382 ¹

229 1446 501 1516 seruntur,
540 1469 710 1522 neque
742 1450 784 1501 si
822 1448 1131 1501 referuntur
1173 1449 1239 1500 ad
1280 1450 1523 1502 valorem
1561 1447 1804 1513 illarum,
1841 1445 1898 1495 in
1939 1443 2054 1516 qui·

229 1532 330 1584 hus
357 1544 649 1585 occurrunt
678 1534 1013 1607 qualitatum,
1051 1533 1142 1585 tali
1169 1534 1326 1584 modo
1360 1534 1481 1585 tolli
1503 1541 1750 1604 poterunt
1775 1531 1858 1582 vel
1886 1530 2053 1601 dispa-

227 1619 449 1687 rehunt>
502 1621 589 1670 sed
619 1630 679 1671 ut
711 1620 813 1670 sint
856 1619 1096 1669 membra
1134 1620 1394 1670 ser-ieram
1433 1618 1784 1689 qualitatum,
1823 1623 2051 1686 oportet,

231 1723 358 1776 quas
387 1705 708 1778 produxerat
748 1703 1183 1776 Terminologia,
1215 1713 1264 1755 et
1292 1704 1464 1755 Seriei
1486 1703 1632 1754 notio
1672 1710 1745 1752 est
1767 1701 1856 1750 illa
1880 1702 2051 1766 notio,

231 1789 296 1839 ad
327 1809 485 1862 quam
533 1790 726 1841 relatae
771 1787 1095 1840 differentiae
1135 1789 1260 1839 tales
1291 1807 1395 1884 ess‘e
1425 1786 1695 1859 desinunt7
1744 1784 1868 1858 quia
1909 1783 2050 1835 intra

233 1873 402 1924 Seriei
444 1874 699 1924 cancellos
730 1873 869 1923 inter
898 1892 949 1924 se
991 1883 1278 1926 transeunt.
1316 1903 1383 1921 -2-

365 1959 675 2030 Priusquam
712 1966 890 2007 autem
931 1957 1030 2010 hae
1057 1958 1394 2032 recipiendae
1426 1956 1529 2008 sint
1558 1955 1658 2006 hae
1686 1952 1878 2021 theses,
1918 1954 2046 2006 duas

229 2039 582 2113 defficullales
620 2050 937 2112 opponentes
977 2060 1109 2107 sese,
1158 2058 1262 2091 esse
1300 2041 1596 2108 solvendas,
1649 2041 1881 2113 perbene
1922 2040 2047 2092 scio.

229 2130 409 2181 Prima
442 2126 616 2178 audit:
655 2125 696 2175 si
729 2125 833 2175 duo
862 2124 1140 2176 individua
1168 2124 1227 2176 in
1253 2125 1518 2192 omnibus>
1544 2145 1653 2175 una
1685 2135 1895 2198 excepta
1921 2145 2049 2198 qua·

225 2213 399 2280 litate,
448 2221 785 2284 congruunt,
832 2209 1035 2262 etiamsi
1076 2210 1175 2261 hae
1219 2211 1512 2261 differentes
1552 2210 1654 2261 sint
1696 2200 1850 2263 unitis
1891 2209 2047 2261 seriei

227 2299 496 2366 membra,
535 2302 750 2351 diversa
786 2309 961 2351 tamen
993 2317 1096 2349 esse
1123 2318 1230 2353 non
1259 2298 1520 2350 desinunt.
1559 2298 1807 2350 Secunda
1834 2300 2044 2346 autem:

228 2384 338 2434 Etsi
378 2385 792 2438 demonstratum
850 2384 1064 2453 fuisset,
1116 2385 1220 2436 duo
1264 2381 1542 2441 individua
1585 2379 1797 2433 nonnisi
1829 2379 1886 2430 in
1934 2399 2044 2431 una

227 2469 475 2542 qualitate
517 2469 843 2538 differentia>
895 2469 936 2520 si
978 2471 1096 2521 illae
1129 2478 1250 2520 sunt
1291 2467 1615 2522 differentiae
1657 2466 1818 2525 unius
1852 2465 2038 2533 seriei,

228 2555 564 2625 homogenea
595 2575 734 2620 esse,
771 2554 859 2606 hic
890 2575 1036 2606 casus
1059 2553 1320 2605 rarissime
1350 2554 1406 2605 in
1435 2563 1624 2605 natura
1653 2550 1911 2618 ocssurrit>
1947 2550 2041 2620 ita,

229 2651 289 2693 ut
325 2661 472 2714 saepe
512 2640 789 2693 individua
835 2641 939 2691 duo
984 2649 1075 2691 aut
1108 2640 1260 2712 plura
1300 2640 1358 2691 in
1398 2639 1636 2704 duobus»,
1673 2637 1871 2704 tribus,
1908 2636 2040 2710 quin

229 2726 476 2779 omnibus
508 2726 754 2778 differant
784 2725 1155 2799 qualitatibus,
1192 2744 1326 2802 quae
1355 2736 1529 2779 tamen
1562 2741 1660 2797 pro
1698 2721 2041 2796 homogeneis

228 2812 493 2865 declarare
519 2811 820 2865 necessitate
849 2810 1107 2885 cogimur.

395 2999 443 3059 §.
496 2991 583 3049 19.
653 2989 959 3050 Solutio
1006 2989 1299 3073 primae
1341 2987 1879 3051 difficultatis.

386 3121 725 3184 Difficultas
755 3124 952 3204 prima
975 3127 1169 3186 soluta
1188 3124 1330 3196 erit,
1373 3123 1421 3182 si
1452 3123 1849 3197 ostendimus,
1893 3121 2034 3181 talia

232 3219 352 3277 duo
384 3218 731 3297 individua,
779 3241 1040 3302 quorum
1083 3243 1286 3281 omnes
1330 3219 1573 3303 quidem
1609 3220 1849 3279 eaedem
1891 3238 2038 3300 qua-

231 3316 456 3387 litateS,
500 3338 621 3375 una
661 3323 936 3396 excepta,
992 3338 1146 3398 quae
1182 3337 1322 3377 vero
1365 3329 1459 3378 est.
1494 3317 1837 3379 membrum
1889 3333 2032 3372 suae
