2127 3775
1806 159 1870 209 17

65 292 330 363 stincti0‚
387 290 833 360 determinati0‚
886 290 1050 347 notio
1101 299 1160 347 et
1202 286 1636 362 denominati0‚
1682 284 1873 342 omnis

65 407 209 464 ergo
259 386 387 447 scre
430 388 689 466 cognitio
741 409 811 444 ex
854 386 955 444 illo
1000 384 1195 443 effluit
1223 427 1237 453 ,
1310 381 1385 439 ad
1432 379 1605 437 illum
1647 379 1867 436 refluit.

63 482 215 541 Ilinc
262 481 335 539 ad
367 481 688 562 plcysiccmz
733 481 1040 539 historiam
1084 481 1120 538 i.
1162 500 1211 538 e.
1251 474 1590 535 naturalem
1638 494 1871 531 summa

64 589 367 634 momenta
396 575 770 634 confercntcs
791 622 804 646 ,
847 577 981 634 illae
1016 574 1414 655 proprietates
1440 568 1881 651 physicolzisto-

68 673 229 731 ricae
269 669 856 747 (naturhistorische)
893 672 1298 728 nominantur.

354 883 429 960 '§.
469 897 521 951 9.
568 892 864 953 Officia
909 891 1571 971 Terminologiae.

222 1043 663 1125 Terminologia
687 1046 818 1104 illas
845 1046 1161 1127 qualitates
1194 1056 1252 1103 et
1295 1041 1477 1125 (quae
1504 1043 1883 1102 substratum

69 1141 313 1199 illarum
384 1141 745 1222 qualitatum
803 1142 1047 1217 sistunt)
1115 1160 1336 1220 organa
1409 1138 1884 1218 contemplatur,

70 1257 331 1317 quorum
362 1235 591 1294 formae
625 1249 768 1293 sunt
813 1237 1130 1316 qualitates
1169 1233 1567 1314 dignissimae.
1623 1232 1787 1290 Inter
1819 1232 1889 1289 il-

71 1330 155 1388 las
186 1342 385 1388 autern
419 1329 639 1386 formas
672 1331 1014 1409 permultae
1042 1350 1217 1408 saepe
1246 1342 1414 1400 sunt,
1457 1348 1610 1409 quae
1637 1327 1891 1385 invicem

72 1446 193 1482 una
221 1425 282 1481 in
323 1424 569 1481 alteram
604 1435 948 1495 transeunt,
992 1425 1104 1493 ita,
1145 1435 1215 1480 ut
1247 1424 1407 1481 inter
1443 1423 1571 1480 illas
1614 1421 1896 1479 determi-

72 1521 199 1577 nati
235 1520 381 1576 fines
410 1541 529 1577 non
558 1518 785 1590 adsint,
831 1532 891 1577 et
929 1517 1229 1597 ejusmodi
1261 1518 1578 1600 qualitates
1624 1517 1898 1597 homoge-

76 1638 219 1675 neczs
267 1614 708 1694 Terminologia
761 1614 948 1686 dicit,
1018 1615 1176 1672 inter
1234 1636 1295 1672 se
1342 1626 1541 1672 autem
1599 1613 1896 1693 ejusmodi

76 1712 394 1793 qualitates
422 1710 826 1789 hoinogeneae
867 1733 984 1792 qua
1012 1711 1326 1768 varietates
1362 1732 1466 1767 seu
1510 1709 1898 1767 modificatio-

73 1829 179 1866 nes
224 1819 534 1886 apparent.
579 1808 671 1864 Sic
701 1805 988 1864 foliorum
1020 1805 1286 1864 diversae
1321 1804 1570 1875 formae,
1612 1804 1905 1863 caulium-

73 1924 175 1974 ve,
207 1903 287 1960 sic
316 1902 790 1960 inflorescentiae
818 1901 1014 1958 variae
1030 1895 1366 1982 (Bc‘schoff)
1385 1901 1444 1957 in
1474 1922 1534 1958 se
1554 1910 1904 1970 transeunt3

75 1999 394 2057 relationes
407 2019 549 2056 vero
567 1997 1012 2068 determinatae,
1031 1998 1139 2054 suh
1162 1997 1383 2077 quibus
1400 1994 1696 2074 ejusmodi
1711 2007 1905 2052 trans--

75 2095 197 2153 itus
216 2096 370 2152 fiunt
401 2107 460 2153 et
480 2094 761 2164 existunt,
787 2094 1004 2151 summi
1037 2091 1325 2149 momenti
1353 2088 1686 2148 doctrinam
1704 2102 1919 2150 trans-⁴

77 2194 295 2260 itzcum,
350 2210 468 2271 qua
503 2189 953 2267 terminologiae
980 2200 1242 2267 partem,
1286 2185 1587 2268 quondam
1620 2185 1895 2243 efficient.

215 2283 490 2356 Ejusmodi
519 2303 646 2355 ergo
685 2284 955 2355 qualitates
996 2282 1348 2354 homo'geneas
1382 2280 1750 2351 terminologia
1797 2279 1897 2330 col-

82 2369 249 2442 legat,
288 2369 415 2420 dum
459 2369 736 2440 hucusque
777 2367 951 2439 potius
994 2366 1187 2418 divisae
1221 2365 1473 2417 continuo
1513 2374 1562 2416 et
1602 2364 1898 2415 subdivisae

86 2453 357 2526 qualitates
388 2452 568 2521 fuere,
623 2454 786 2505 donec
828 2453 996 2505 omnis
1041 2453 1367 2528 disparuerat
1408 2468 1587 2499 nexus.
1637 2449 1897 2521 Analogia

83 2537 171 2590 hic
189 2537 402 2611 quidem
418 2536 693 2590 botanicae
713 2559 835 2591 cum
864 2537 1229 2609 mineralogia,
1259 2555 1392 2608 quae
1413 2533 1787 2586 diversissimas
1801 2535 1902 2586 sor-

85 2643 197 2676 mas
240 2623 530 2674 secundum
575 2624 970 2675 determinatam
1013 2622 1322 2674 methodum
1373 2641 1434 2672 ex
1474 2620 1701 2693 quadam
1734 2620 1902 2672 forma

89 2709 381 2780 producere
416 2707 594 2774 docet,
633 2708 705 2758 sic
734 2707 1059 2761 Octae'drum
1102 2728 1162 2760 ex
1201 2708 1479 2760 Hexae‘dro
1520 2725 1563 2756 e.
1608 2727 1644 2758 s.
1682 2727 1734 2780 p.
1784 2708 1903 2759 Non

92 2803 266 2845 autem
307 2793 647 2867 geometricas
704 2792 896 2844 formas
949 2794 1218 2866 regulares
1259 2794 1629 2845 reinventurus
1681 2813 1793 2844 sum
1850 2792 1905 2843 in

90 2879 312 2954 plantis,
350 2880 476 2956 alias
506 2878 739 2930 minerae
768 2889 961 2947 essent,
1000 2881 1086 2931 sed
1121 2890 1192 2932 est
1231 2882 1506 2932 notionum
1543 2879 1660 2937 (der
1700 2877 1904 2950 Begris-

94 2966 166 3026 fe)
200 2965 408 3016 nonnisi
447 2966 733 3032 analogia,
787 2985 945 3038 quam
977 2965 1196 3038 opinor,
1244 2983 1350 3016 non
1385 2962 1473 3013 illa
1514 2983 1708 3016 rerum.
1763 2963 1903 3015 Hinc

95 3052 134 3102 si
167 3051 396 3123 crystalli
430 3051 695 3124 quandam
720 3051 944 3102 sormam
980 3052 1036 3103 in
1067 3051 1200 3102 alius
1226 3049 1487 3121 crystalli,
1525 3048 1637 3100 solii
1679 3048 1735 3100 in
1775 3049 1906 3100 alius

97 3135 236 3202 solii,
274 3133 426 3185 rostri
451 3143 625 3185 autem
659 3135 768 3186 avis
797 3135 849 3186 in
888 3136 1019 3188 alius
1054 3137 1208 3189 rostri
1250 3137 1474 3189 sormam
1512 3134 1733 3191 transire
1767 3135 1907 3186 vide·

97 3240 174 3288 ro,
210 3223 357 3273 notio
394 3220 705 3273 transituum
739 3222 838 3275 erit·
866 3222 1156 3290 immutata,
1196 3222 1395 3277 etiamsi
1423 3242 1508 3276 res
1532 3220 1906 3275 diversissimae

105 3306 338 3360 suerunt,
377 3337 442 3348 —
1562 3373 1597 3409 0
