2127 3775
209 278 276 329 64

208 413 322 468 tas,
361 400 557 474 quibus
580 398 738 450 unice
766 397 1023 469 ejusmodi
1052 395 1406 450 revolutiones
1434 405 1807 469 provocantur.
1845 396 2032 449 Elucet

209 507 271 538 ex
298 486 412 555 his,
450 486 681 558 perbene
714 483 999 557 dijudicari
1022 504 1173 557 posse
1212 485 1453 556 Systema
1488 481 1788 556 quoddam,
1840 503 1903 534 ex
1940 502 2034 534 sua

207 573 625 625 nomenclatura.
663 569 722 621 Si
758 580 937 623 autem
966 590 1155 624 verum
1197 580 1272 622 est
1305 570 1575 642 Systema,
1626 567 1836 618 nullum
1892 567 2038 619 aliud

206 656 677 723 Nomenclaturae,
717 676 878 725 quam
903 658 1014 725 ejus
1027 653 1278 721 fideliter
1304 675 1401 728 per
1437 655 1615 706 onmia
1647 664 1697 706 et
1734 655 2037 706 denomina-

205 744 372 796 tiones
406 745 806 813 repraesentati
839 742 940 794 erit
976 741 1244 809 officium,
1294 752 1356 794 ut
1395 761 1457 792 ex
1492 740 1654 792 unius
1693 740 1777 792 vel
1822 740 2038 791 alterius

205 827 400 901 speciei
433 827 862 879 denominatione
886 848 1052 880 nexus
1072 829 1322 902 cognosci
1343 828 1533 900 possit7
1562 827 1619 877 in
1647 846 1752 899 quo
1766 825 1897 876 haec
1914 845 2037 877 cum

203 914 449 987 pluribus
482 913 598 964 aliis
623 922 881 965 versatur.
919 914 1075 968 Haec
1118 918 1169 966 si
1204 926 1478 982 praestat,
1517 915 1641 964 usui
1677 913 1936 981 loquendi
1966 913 2041 962 in-

205 1020 372 1070 super
384 1020 502 1053 sese
519 1003 943 1053 accommodans
959 1042 973 1067 ‚
993 1003 1432 1069 perspicuitatem
1451 1009 1499 1051 et
1526 1000 1842 1051 brevitatem
1867 1016 2043 1068 aequa

205 1089 411 1139 trutina
438 1087 755 1154 respiciens,
793 1104 895 1136 sua
935 1088 1150 1137 tandem
1186 1086 1621 1138 denominatione
1663 1084 1928 1150 objectum
1965 1084 2043 1153 ip-

205 1191 322 1224 sum
353 1173 675 1239 designans:
713 1168 837 1219 dein
860 1168 1143 1220 utilitatem
1171 1190 1322 1219 suam
1351 1170 1408 1218 in
1439 1179 1552 1220 tuto
1577 1168 2042 1220 collocavit—sta·-

206 1266 290 1308 tus
317 1253 706 1328 permansionis
737 1253 1104 1326 progressivae
1130 1273 1192 1304 ex
1223 1263 1502 1326 systemate
1533 1263 1581 1305 et
1605 1254 1661 1304 in
1700 1253 1845 1303 illam
1876 1263 2041 1305 trans-

204 1342 248 1395 it
260 1378 276 1409 ,
328 1351 380 1393 et
413 1340 722 1414 quicunque
750 1339 809 1391 in
857 1340 1264 1409 Terminologia
1311 1351 1362 1392 et
1394 1341 1757 1409 Systematica
1785 1358 2043 1409 progres-

200 1424 483 1493 susfient,
524 1423 801 1496 facillime
833 1434 883 1476 et
917 1426 1170 1476 citissime
1212 1422 1269 1473 in
1312 1427 1800 1478 Nomenclaturam
1832 1444 2048 1498 quoque

207 1515 534 1568 redundant.

375 1600 679 1653 Secundum
705 1607 883 1649 autem
916 1593 1288 1647 dilucidabunt
1325 1595 1610 1668 sequentia.
1650 1594 1792 1647 Usus
1830 1615 2046 1646 nomen-

208 1685 442 1736 claturae
473 1683 839 1756 systematicae
869 1679 1209 1753 potissimum
1243 1680 1478 1732 consistit
1508 1680 1564 1730 in
1597 1700 1657 1731 eo
1674 1719 1689 1748 9
1727 1691 1789 1733 ut
1816 1702 1911 1754 per
1929 1701 2044 1732 eam

209 1769 504 1842 systematis
547 1769 613 1819 ad
651 1778 900 1820 naturam
947 1765 1230 1838 applicatio
1281 1766 1545 1838 possibilis
1585 1767 1856 1819 reddatur.
1907 1768 2052 1818 Nam

208 1856 468 1928 producta
489 1865 710 1906 naturae
735 1852 950 1904 nonnisi
971 1871 1067 1924 per
1091 1852 1310 1903 nomina
1342 1863 1391 1905 et
1423 1853 1876 1905 denominationes
1909 1853 2043 1903 ideis

210 1952 260 1994 et
289 1939 599 1992 notionibus
625 1936 973 2011 systematicis
1003 1937 1425 1989 subordinantur
1457 1948 1507 1990 et
1539 1948 1763 2009 systema
1780 1937 1966 1988 exinde
1981 1937 2047 1988 si-

209 2026 324 2078 mu]
349 2025 518 2093 adest,
555 2033 617 2076 ut
647 2023 924 2097 singulum
952 2023 1307 2095 experientiae
1329 2026 1438 2093 ipsi
1459 2023 1494 2074 i.
1529 2043 1571 2073 e.
1611 2023 1717 2074 suis
1749 2024 2044 2075 unitatibus

209 2114 541 2180 subjiciatur,
568 2130 674 2182 quo
700 2112 1038 2179 cognitiones
1072 2119 1354 2180 parantur,
1392 2108 1523 2175 illas,
1553 2128 1686 2180 quae
1703 2120 1825 2160 sunt
1853 2129 2045 2162 memo-

212 2201 329 2250 riae
356 2200 575 2250 nonnisi
604 2215 739 2263 opus
786 2194 938 2245 valde
985 2203 1308 2266 superantes.
1360 2194 1600 2264 Systema
1642 2213 1769 2266 ergo
1805 2197 1919 2247 sine
1955 2215 2050 2246 noe

211 2283 542 2334 menolatura
573 2278 832 2353 applicari
862 2299 971 2330 non
997 2289 1166 2351 potest
1186 2311 1253 2318 —
1284 2279 1550 2351 quomodo
1579 2290 1756 2331 autem
1793 2278 1893 2330 hoc
1924 2278 2042 2346 fiat,

206 2388 309 2436 per
345 2371 622 2438 utriusque
648 2368 1116 2433 conjunctionem,
1148 2384 1368 2436 sequens
1402 2375 1592 2437 caput,
1638 2366 2048 2419 Characteristi-

215 2474 282 2506 ca
309 2452 474 2505 docet.

501 2641 548 2702 §.
595 2634 691 2695 42.
735 2633 1356 2695 Nomenclatura
1399 2632 1765 2692 trivialis·

377 2769 849 2831 Nomenclatura
898 2767 1147 2827 trivialis
1204 2791 1425 2826 nomen
1473 2766 1730 2846 simplex‘
1788 2767 2048 2847 imponit

220 2870 436 2946 speciei
455 2865 754 2946 singulae,
797 2864 977 2945 plane
1002 2862 1243 2921 nullum
1262 2885 1484 2922 nexum
1504 2862 1843 2942 exprimens
1862 2909 1876 2935 ‚
1908 2863 2049 2922 nul-

221 2963 342 3021 lani
376 2961 452 3023 ad
483 2962 795 3020 scientiam
830 2960 1180 3020 relationem
1217 2981 1558 3041 agnoscens,

388 3058 510 3109 Jam
549 3057 643 3108 diu
670 3057 905 3110 botanici
933 3057 1176 3131 magistri
1206 3067 1255 3109 et
1281 3056 1369 3106 hic
1395 3055 1730 3128 potissimum
1760 3062 2047 3126 praeeunte

226 3143 419 3194 eximio
450 3144 734 3209 Linnaeo,
774 3143 1032 3216 simplicia
1063 3143 1358 3215 specierum
1387 3144 1604 3193 nomina
1641 3140 1878 3193 trivialia
1903 3137 2048 3210 peni-

224 3238 307 3281 tus
346 3231 674 3295 rejecerunt,
709 3248 876 3301 genus
898 3229 1056 3281 simul
1081 3229 1138 3279 in
1169 3226 1359 3302 speciei
1397 3226 1821 3279 denominatione
1848 3224 2047 3275 indica-

226 3313 351 3367 turi.
391 3313 496 3365 Hic
531 3313 719 3387 negari
743 3314 959 3387 quidem
991 3336 1099 3367 non
1125 3324 1321 3387 potest,
1361 3333 1557 3386 genera
1574 3331 1823 3385 persaepe
1848 3328 1939 3361 sua
1956 3327 2046 3359 no-

228 3399 372 3450 mina
407 3408 666 3466 mutasse,
702 3400 774 3452 ita
802 3411 860 3453 ut
886 3401 1220 3469 HabenariaJ
1271 3400 1547 3471 Satyrium
1585 3410 1633 3451 et
1669 3395 2040 3469 Gymnadenia
