2127 3775
247 172 315 202 XI!

246 294 458 333 rumve
490 274 861 356 compulero,
917 286 988 333 ut
1010 269 1317 357 fontem,
1378 296 1450 333 ex
1482 295 1602 355 quo
1637 274 1852 333 hausta
1881 275 2057 346 haee,

246 385 418 444 adeat
439 389 854 462 primitivum
879 385 917 441 i.
947 407 995 442 e.
1028 405 1191 465 opus
1213 384 1603 464 perillustre
1625 387 1775 444 mira
1795 408 1900 445 sua
1926 408 2064 444 con-

247 499 590 579 sequentia,
632 495 956 583 speetabile
993 496 1364 554 minerarum
1411 497 1825 577 dispositione,
1884 521 2066 578 mag-
2114 557 2116 587 z

250 609 518 691 nficzzm
564 609 876 689 principiis
923 621 980 666 et
1023 612 1276 669 unicum
1332 609 1394 666 in
1442 608 1746 669 edocendo
1801 623 2037 669 contem
2116 634 2118 641 ’

247 724 400 804 plari
440 735 738 794 naturam,
781 735 971 803 utque
1002 722 1090 779 illi
1135 721 1428 781 indefesse
1473 722 1709 781 studeat
1738 736 1797 781 et
1826 723 2069 800 majori-

248 836 361 894 bus
388 835 630 894 dotihus
658 836 987 893 instructus
1020 846 1077 892 et
1106 835 1512 914 applicationis
1543 847 1846 893 tentamen
1873 836 2072 915 operis
2122 820 2124 831 ι

249 950 515 1030 pretium
539 949 760 1006 habeat
790 981 865 988 —-
894 947 1033 1006 dein
1072 959 1130 1006 et
1161 945 1390 1019 alium,
1434 970 1616 1030 quam
1655 961 1738 1009 ex
1769 947 1909 1026 lege
1936 969 2073 1008 con-

251 1066 538 1142 scriptae
565 1056 1402 1136 dissertatizznczzlaefinem
1435 1060 1812 1139 attegissemff.

417 1186 689 1246 Tandem
722 1187 834 1245 sub
868 1184 1293 1243 dissertationis
1315 1184 1506 1242 forma
1543 1208 1640 1244 me
1677 1189 1816 1245 Tibi
1844 1189 1947 1246 illa
1979 1210 2079 1246 ex-

253 1301 567 1359 hibentem
624 1297 965 1379 perpendas
1001 1333 1077 1343 —
1127 1296 1609 1356 dissertationum
1672 1320 1793 1357 non
1856 1301 2079 1380 optima

256 1412 417 1471 fama
446 1449 524 1457 -—-
550 1412 692 1470 hinc
740 1411 888 1482 illis,
946 1432 1099 1493 quae
1137 1410 1335 1469 minus
1372 1411 1730 1491 placebunt,
1786 1435 1862 1470 ne
1903 1413 2082 1471 nimis

256 1533 540 1597 irascere,
583 1526 878 1605 cogitans:
920 1527 1028 1607 Est
1057 1526 1293 1583 nonnisi
1317 1524 1666 1583 dissertatio.
1721 1527 1846 1604 Ego
1882 1537 2080 1622 autem

260 1650 474 1719 terque
520 1648 856 1718 quaterque
899 1649 1215 1696 contentus
1254 1622 1386 1707 ero,
1440 1638 1487 1694 si
1529 1636 1752 1695 referes
1797 1659 1894 1695 me
1926 1638 2084 1695 inter

263 1751 414 1822 illos,
445 1750 550 1832 qui
581 1771 702 1808 non
736 1750 980 1832 quidem
1007 1749 1218 1828 optimi
1238 1794 1253 1820 ‚
1294 1771 1492 1830 neque
1523 1760 1664 1807 sunt
1688 1747 1961 1827 pessimi:

430 1867 750 1925 Extremi
767 1867 1167 1943 primorum,
1211 1865 1530 1923 eat-tremis
1558 1883 1765 1939 usque
1789 1863 2078 1940 priores.
