2127 3775
1800 166 1845 217 ξε

1841 167 1867 215 d·

405 415 786 481 CAPUT
856 412 1523 479 SECUNDUM.

606 564 1304 653 Systematica.

89 707 515 765 Fundamentum
549 708 848 762 Bolanices
896 697 1097 775 duplex
1132 718 1242 759 est:
1291 704 1593 775 Dispositio
1634 716 1684 756 et
1721 703 1831 755 De-

717 794 1035 845 nominatio.
1072 791 1201 845 Lin.

446 983 495 1044 §.
533 978 620 1041 14.
662 977 886 1039 Notio
927 974 1486 1055 systematicae.

205 1114 252 1172 S
241 1115 603 1192 ystem-atica
644 1113 798 1172 illud
835 1113 1119 1172 historiae
1154 1112 1447 1171 naturalis
1485 1117 1666 1190 caput
1694 1108 1866 1178 sistit,

49 1206 213 1288 quod
240 1208 535 1287 principia
564 1209 894 1269 identitatis
922 1208 1389 1286 (Einerleiheit),
1435 1206 1868 1283 liotnogeneita-

47 1304 124 1361 tis
156 1301 709 1386 (Gleichartigkeit)
756 1317 816 1363 et
846 1302 1259 1364 similitudinis
1293 1300 1769 1377 (Aehnlichkeit)
1802 1301 1866 1356 in

45 1411 296 1459 naturae
331 1402 624 1481 producta
657 1401 961 1481 applicare
1003 1399 1206 1471 docet,
1265 1410 1335 1455 ut
1381 1396 1598 1455 exinde
1639 1395 1868 1476 produ-

45 1505 141 1551 cat
177 1494 342 1556 ideas
377 1496 758 1579 quarundam
791 1496 1124 1566 unitatum,
1169 1515 1324 1577 quae
1354 1491 1428 1552 ad
1470 1497 1737 1552 notiones
1773 1512 1868 1549 re-

45 1587 185 1647 duci
220 1591 453 1669 valent,
499 1593 727 1674 talique
757 1592 936 1650 modo
974 1589 1219 1651 evadere
1248 1589 1862 1671 pleysicolzistorieae.

181 1682 521 1758 Comparatio
551 1697 728 1736 autem
752 1687 809 1735 in
835 1687 1089 1738 relatione
1130 1686 1197 1736 ad
1223 1685 1336 1736 illas
1381 1695 1527 1736 notas
1572 1683 1724 1734 debet
1764 1700 1868 1732 esse

48 1786 194 1819 mere
237 1772 769 1840 physicohistorica,
821 1769 856 1821 i.
888 1789 930 1822 e.
971 1771 1181 1821 nonnisi
1215 1770 1514 1841 qualitateS,
1555 1787 1683 1839 quas
1724 1766 1871 1839 prius

40 1852 536 1927 physicohistoricas
583 1854 810 1904 diximus
836 1891 877 1921 ,.
905 1855 1182 1924 respicere.
1242 1852 1356 1903 Hoc
1409 1852 1552 1902 enim
1608 1852 1869 1924 principia

41 1939 319 2007 scientiae,
357 1959 462 2012 qua
504 1938 962 2009 homogenearum
994 1937 1363 2008 cognitionum
1401 1937 1754 2005 collectionis,
1790 1940 1870 2009 ju-

42 2023 185 2076 bent.
235 2025 322 2076 An
362 2025 419 2076 in
451 2024 563 2074 illas
604 2024 803 2095 possint
838 2022 1126 2092 applicari,
1164 2042 1262 2070 nec
1295 2018 1399 2070 ne?
1453 2042 1518 2071 an
1559 2020 1867 2075 sufficiant?

44 2110 397 2182 experientiae
436 2130 517 2161 res
558 2119 646 2161 est.
700 2106 928 2178 Quaevis
977 2106 1193 2155 illarum
1231 2105 1511 2156 notionum
1554 2105 1866 2174 identitatis,

41 2195 480 2268 homogeneitatis
498 2205 547 2246 et
564 2191 921 2245 similitudinis
948 2201 1021 2244 est
1029 2187 1452 2260 fimdamentam
1474 2193 1691 2243 unitatis
1718 2195 1871 2243 unias

43 2290 136 2332 aut
153 2283 419 2348 plat-iam,
471 2299 606 2352 quae
647 2279 899 2331 dicuntur
934 2277 1329 2346 systematis-ae.
1383 2274 1503 2325 Illae
1537 2286 1658 2326 sunt
1689 2276 1865 2344 ideae,

45 2385 276 2438 quarum
317 2366 520 2437 objecta
558 2365 643 2418 vel
688 2373 809 2415 sunt
849 2361 1161 2427 individua,
1217 2359 1298 2414 uti
1333 2369 1522 2410 natura
1567 2358 1780 2412 exhibet
1820 2372 1869 2413 et

46 2451 170 2502 dein
199 2459 319 2500 sunt
353 2470 534 2501 merae
570 2451 884 2500 intuitiones
915 2447 1283 2509 immediatae,
1322 2445 1405 2495 vel
1443 2465 1627 2496 earum
1664 2447 1866 2517 objecta

46 2533 423 2606 compositione
449 2535 837 2605 producuntur,
861 2542 911 2584 et
929 2541 1042 2583 tum
1073 2530 1231 2583 etiam
1264 2540 1384 2585 sunt
1407 2533 1742 2596 intuitiones,
1780 2532 1870 2583 sed

46 2639 156 2672 non
190 2619 414 2693 amplius
451 2619 821 2686 immediatae,
871 2638 1006 2691 quae
1053 2637 1178 2668 cum
1217 2616 1440 2688 singulis
1482 2611 1701 2687 objectis
1747 2637 1868 2668 con-

49 2715 284 2779 gruunt,
322 2705 409 2756 sed
441 2704 730 2770 mediatae,
768 2722 902 2776 quae
934 2711 1055 2754 sunt
1082 2701 1388 2769 referendae
1429 2700 1495 2750 ad
1538 2702 1870 2773 complexum

49 2809 250 2856 rerum,
275 2790 368 2863 qui
392 2809 494 2863 qua
523 2789 647 2842 tales
676 2789 731 2838 in
757 2798 944 2840 natura
974 2787 1191 2861 quidem
1214 2805 1322 2838 non
1349 2797 1656 2855 occurrunt,
1688 2809 1869 2861 quam·

53 2896 213 2949 quam
235 2895 296 2929 ex
331 2874 605 2950 productis
635 2884 859 2927 naturae
892 2871 1141 2946 componi
1169 2870 1473 2927 concedant,

209 3061 255 3126 §.
301 3053 388 3116 15.
447 3053 889 3137 Applicatio
923 3050 1250 3112 illarum
1300 3050 1711 3110 notionum.

196 3189 316 3248 ‘llla
350 3188 644 3270 principia
683 3188 860 3249 unica
891 3208 1044 3257 esse,
1088 3185 1202 3246 sub
1240 3185 1465 3269 quibus
1494 3205 1664 3245 mens
1699 3184 1872 3265 obje»

59 3294 151 3345 cta
202 3285 362 3346 inter
395 3307 456 3345 se
490 3283 889 3366 comparanda
931 3281 1099 3362 (ergo
1155 3284 1332 3344 etiam
1375 3281 1682 3358 naturam)
1731 3303 1871 3342 con-
