2127 3775
1892 196 1960 246 73

113 331 344 374 mentur.
385 324 475 376 Sic
517 322 577 376 sit
612 324 668 374 in
698 323 948 375 omnihus
995 332 1043 375 et
1081 323 1311 374 aliarum
1355 321 1598 374 classium
1649 321 1958 373 individuis.

112 407 171 459 Si
213 408 426 480 positivi
462 408 548 460 hic
599 410 705 480 jam
750 429 858 460 non
897 408 1124 480 amplius
1171 419 1247 459 sat
1288 407 1625 476 excludunt,
1677 419 1725 460 et
1751 411 1954 478 negati-

110 514 214 546 vae
246 506 400 546 notae
447 495 502 545 in
549 515 707 545 usum
754 495 892 547 trahi
924 505 1156 566 possunt.
1197 494 1496 546 Tentamen
1538 514 1713 562 nunc,
1752 493 1794 543 si
1835 492 1954 544 cha-

108 590 335 631 racteres
363 579 759 652 sunt'perfecti9
799 581 1128 648 instituitur,
1169 602 1235 631 an
1269 602 1375 631 non
1410 592 1614 633 tantum
1652 580 1831 632 omnia
1862 577 1956 628 hu-

105 665 189 735 jus
240 665 455 716 unitatis
500 664 782 718 individua
825 678 969 718 recte
1012 669 1385 734 recipiantur,
1432 670 1530 719 sed
1558 689 1628 718 an
1660 667 1825 718 simul
1849 685 1957 718 om·

108 753 200 799 nia
242 751 423 801 aliena
458 748 703 818 perfecte
743 751 1125 802 excludantur.
1168 750 1313 802 Haec
1353 751 1450 801 ubi
1481 753 1796 819 valuerunt,
1838 750 1956 802 cha-

106 846 338 887 racteres
383 837 629 886 classium
661 854 846 885 revera
875 833 1097 905 perfecti
1142 845 1263 886 sunt
1305 837 1657 908 nuncupandi
1688 847 1735 888 et
1758 840 1955 890 Secun-

106 924 175 973 do
201 922 275 971 illi
312 922 563 972 ordinum
593 932 643 972 et
677 921 861 973 Tertio
892 920 968 970 illi
997 940 1260 991 generum
1289 921 1356 971 ad
1387 922 1609 972 eandem
1640 922 1952 974 methodum

108 1018 514 1073 construuntur,
544 1007 734 1056 iisdem
754 1007 970 1058 cautelis
996 1006 1267 1073 adhibitis,
1303 1006 1590 1058 tentamine
1615 1007 1958 1080 s>pplicandis.

253 1093 547 1165 Hucusque
580 1102 627 1143 et
653 1092 863 1163 positivi
895 1102 943 1143 et
967 1091 1204 1164 negativi
1236 1091 1566 1144 characteres
1594 1093 1826 1144 concessi
1850 1093 1959 1145 sue-

113 1189 256 1245 runt,
276 1179 363 1230 sed
380 1179 435 1230 in
465 1179 762 1250 specierum
793 1178 1193 1230 characteribus
1211 1178 1349 1231 notis
1379 1179 1643 1250 negativis
1673 1177 1959 1231 occurrere

105 1265 386 1316 nonlicet.
428 1266 549 1316 Non
588 1265 730 1315 enim
763 1266 993 1336 speciem
1036 1264 1401 1336 distinguunt,
1440 1264 1519 1316 uti
1566 1266 1672 1335 jam
1703 1264 1853 1336 prius
1884 1265 1957 1315 di-

102 1350 312 1418 ximus,
353 1351 478 1423 quia
507 1351 678 1401 nullas
717 1350 1056 1400 excludentes
1089 1360 1236 1400 notas
1277 1349 1472 1429 species
1514 1350 1746 1418 habent3
1782 1371 1955 1415 porro

93 1440 312 1506 penitas
335 1458 482 1490 noea
514 1440 720 1505 species
750 1439 910 1488 etiam
942 1436 1070 1487 illas
1095 1439 1348 1488 notiones
1381 1439 1665 1507 negativas
1707 1439 1958 1506 subrepe-

100 1542 159 1574 re
183 1534 389 1592 posset,
430 1527 556 1594 quin
584 1524 1048 1574 determinationis
1076 1540 1238 1573 error
1276 1533 1588 1593 appareret.

237 1609 380 1660 Inter
418 1609 520 1659 alia
564 1607 672 1658 huc
719 1607 881 1658 etiam
908 1605 1253 1673 monuimus²
1299 1627 1409 1658 non
1452 1606 1723 1676 sufficere,
1777 1610 1956 1661 omnia

98 1694 379 1766 cujusdam
412 1694 632 1746 unitatis
660 1692 943 1746 individua
974 1691 1142 1765 recipi
1169 1712 1266 1764 per
1303 1692 1701 1762 characterem,
1741 1695 1828 1746 sed
1868 1714 1956 1747 ne-

102 1799 240 1830 cesse
276 1780 434 1831 simul
460 1799 585 1847 esse,
626 1779 807 1831 omnia
836 1779 1043 1852 reliqua
1069 1779 1241 1830 aliena
1273 1779 1502 1831 excludi.
1543 1781 1688 1832 Haec
1719 1781 1817 1833 ubi
1848 1802 1957 1834 non

100 1875 250 1933 sunt,
290 1886 384 1916 nos
416 1866 499 1917 vel
527 1885 626 1938 pro
652 1865 803 1916 malis
835 1865 1107 1915 declarare
1133 1864 1303 1916 coacti
1336 1884 1565 1918 essemus
1592 1866 1923 1920 characteres
1941 1906 1956 1934 9

98 1952 181 2002 vel
206 1971 288 2002 res
323 1972 421 2023 pro
453 1952 675 2018 talibus,
715 1970 851 2024 quae
897 1949 1126 2001 discerni
1158 1970 1266 2001 non
1298 1963 1532 2023 possunt.
1587 1954 1676 2006 Sic
1716 1974 1759 2006 e.
1797 1975 1879 2027 gr.
1913 1956 1953 2006 si

105 2039 287 2089 Genus
323 2038 384 2087 A
413 2037 737 2089 discernitur
766 2056 863 2108 per
902 2036 1157 2108 quasdam
1199 2047 1348 2089 notas
1389 2058 1417 2089 a
1453 2041 1662 2093 Genere
1702 2040 1782 2108 Β,
1821 2061 1955 2114 quae.

96 2130 277 2171 autem
315 2121 370 2171 in
399 2121 609 2193 generis
637 2120 680 2172 Β
713 2119 946 2193 quadam
982 2119 1153 2191 specie
1186 2117 1573 2190 inveniuntur,
1613 2136 1658 2176 et
1694 2125 1834 2177 idem
1860 2147 1948 2179 va-

95 2207 167 2258 let
189 2226 340 2260 versa
367 2208 511 2259 vice:
550 2227 691 2259 unus
721 2226 785 2258 ex
811 2226 971 2278 supra
1003 2206 1155 2258 dictis
1197 2205 1405 2259 casibus
1439 2207 1620 2261 locum
1654 2210 1851 2263 habere
1881 2213 1953 2265 vi-

98 2293 268 2345 detur.
308 2294 398 2344 Sic
433 2294 489 2344 in
519 2293 886 2345 recentiorum
917 2293 1259 2365 quorundam
1283 2312 1443 2368 opere
1482 2295 1654 2369 leges:

432 2397 694 2467 D'gridia.
1350 2401 1635 2452 Ferraria.

105 2483 333 2536 Corolla
364 2483 428 2533 ad
468 2483 621 2534 basin
664 2482 978 2555 sexpartita9
1041 2484 1270 2539 Corolla
1295 2487 1361 2537 ad
1381 2485 1532 2538 basin
1555 2509 1724 2562 usque
1747 2509 1952 2563 sexpar-

368 2569 697 2640 irregularis.
1302 2572 1427 2641 tito,
1466 2576 1848 2647 subregularis.

96 2655 368 2708 Laciniae
398 2666 644 2708 externae
669 2657 909 2728 majores.
1032 2656 1304 2712 Laciniae
1328 2659 1569 2711 internae
1597 2663 1946 2734 angustiores,

1302 2746 1617 2799 undulatae.

95 2829 342 2880 Stamina
382 2827 498 2880 tria.
1033 2828 1281 2882 Stamina
1313 2831 1431 2883 tria.

96 2914 406 2966 Fc‘lamenta
433 2914 490 2964 in
528 2915 719 2968 tubum
754 2916 979 2988 longum
1031 2914 1341 2969 Filamenta
1371 2927 1611 2969 connata.

367 3011 606 3054 connata.

97 3085 290 3155 Stylns
320 3085 543 3138 trifidus.
1033 3088 1221 3157 Stylns
1252 3088 1475 3141 trifidus.
1555 3149 1559 3153 ‹

98 3170 368 3242 Stigmata
401 3170 583 3224 bifida.
1035 3174 1304 3243 Stigmata
1334 3175 1656 3249 penicillata.

105 3256 344 3325 Capsnla
362 3257 698 3328 trilocularis,
720 3261 976 3331 oblonga,
1040 3260 1278 3328 Capsnla
1308 3260 1647 3315 trilocularis.

371 3344 649 3413 angulata.
