2127 3775
1865 218 1934 272 65

106 349 271 414 seret,
308 346 571 419 generalis
600 344 773 398 statim
803 363 899 418 per
928 363 1124 397 nomen
1157 346 1265 417 jam
1295 345 1413 397 idea
1459 342 1719 418 quaedam
1760 364 1934 397 move-

106 446 193 487 tur
220 434 428 505 plantae
454 443 501 485 et
533 453 807 503 nunquam
826 445 998 484 antea
1027 435 1175 485 visae
1201 444 1251 484 et
1291 435 1531 487 auditae.
1569 430 1724 481 Talia
1757 440 1936 481 autem

104 530 252 572 vetus
285 519 684 571 nomenclatura
711 538 984 584 nunquam
1012 518 1104 569 vel
1122 536 1358 586 perraro
1384 527 1654 584 praestat.
1689 514 1870 584 Qualis
1892 535 1933 565 e.

102 625 183 677 gr.
231 605 328 656 tibi
372 605 487 655 idea
536 623 596 653 ex
653 603 1023 667 Veltlzeimiae,
1077 598 1538 667 Waclzendorfiae
1585 611 1660 662 (et
1702 601 1937 653 centenis

100 691 388 764 ejusmodi)
420 685 768 740 nominibus?

268 779 504 849 Insuper,
535 777 729 849 quibus
748 775 834 828 via
861 795 1007 826 mere
1039 772 1328 826 scientifica
1366 775 1631 846 displicet,
1670 775 1804 842 illis,
1858 774 1935 825 in-

100 881 294 934 quam,
333 864 732 914 nomenclatura
761 861 1094 932 systematica
1124 860 1435 932 empiricam
1466 861 1770 931 plantarum
1813 880 1934 933 cog-

100 949 361 1001 nitionem
394 950 563 1000 multo
596 948 891 1000 faciliorem
916 948 1121 1016 reddit,
1176 967 1300 999 cum
1338 966 1434 1019 per
1470 965 1588 997 suas
1631 946 1936 998 denomina-

99 1035 264 1087 tiones
293 1035 433 1085 ideas
461 1044 742 1106 provocet,
783 1054 918 1106 quae
946 1034 1215 1105 objectum
1244 1033 1403 1083 semel
1428 1031 1602 1083 visum
1646 1031 1701 1081 in
1741 1051 1938 1082 memo-

96 1121 234 1171 riam
275 1120 556 1171 reducunt.
612 1120 875 1191 Empirici
913 1140 1069 1191 ergo,
1122 1119 1214 1192 qui
1257 1137 1366 1170 sese
1409 1127 1686 1189 opponunt
1727 1117 1936 1167 meliori

95 1207 557 1272 nomenclaturae,
597 1204 699 1255 sibi
730 1204 831 1275 ipsi
862 1203 1081 1256 inimice
1109 1213 1293 1277 agunt.
1333 1201 1629 1253 Nominum
1664 1201 1936 1253 lubentius

96 1312 206 1344 sese
239 1292 390 1364 copia
422 1301 675 1362 gravant,
715 1310 947 1362 quorum
972 1290 1202 1341 maxima
1232 1309 1354 1361 pars
1383 1287 1519 1339 nihil
1549 1287 1824 1358 exprimit,
1858 1287 1938 1339 ni·

94 1379 175 1430 hil
203 1378 331 1429 hinc
359 1378 416 1427 in
444 1375 758 1427 memoriam
773 1383 1019 1440 revocat,
1059 1383 1108 1423 et
1130 1393 1264 1444 quae
1292 1375 1349 1423 in
1366 1374 1514 1424 nullo
1540 1392 1682 1424 nexu
1704 1373 1937 1425 invicem

93 1473 404 1528 versantur,
443 1459 666 1510 minime
699 1469 879 1509 autem
911 1457 968 1508 in
997 1457 1120 1525 tali,
1160 1469 1217 1508 ut
1253 1459 1321 1509 ab
1359 1478 1465 1512 uno
1493 1463 1726 1513 ducatur
1760 1462 1836 1512 ad
1857 1460 1934 1511 al-

93 1563 294 1615 terum,
335 1549 486 1613 cujus
509 1556 687 1606 autem
712 1541 925 1613 defectu
948 1546 1002 1595 in
1027 1545 1285 1607 empirica
1299 1547 1666 1613 cognoscendi
1681 1544 1932 1598 methodo

94 1631 448 1705 difficultates
475 1635 757 1697 oriantur,
796 1652 934 1702 quas
960 1633 1314 1700 systematica
1333 1632 1748 1686 nomenclatura
1766 1632 1936 1700 plane

93 1724 330 1790 ignorat.

94 1888 138 1952 §.
183 1881 277 1939 41.
320 1879 920 1940 Nomenclatura
963 1888 1027 1937 et
1073 1878 1427 1957 Systema
1469 1877 1638 1936 sine
1695 1899 1769 1936 se
1826 1878 1935 1936 in-

402 1975 656 2034 vicem
700 1975 1052 2034 existere
1093 1996 1242 2033 non
1283 1984 1628 2054 possunt.

249 2110 728 2172 Nomenclatara
775 2113 1156 2191 systematica
1201 2111 1493 2189 supponit
1533 2119 1820 2188 ssstema,
1853 2107 1930 2169 ad

92 2207 257 2292 quod
285 2207 554 2266 refertur
603 2220 662 2264 et
705 2206 946 2264 nonnisi
986 2204 1324 2264 secundum
1371 2204 1547 2262 illum
1599 2203 1926 2284 dijudicari

91 2305 291 2364 debet.
335 2305 379 2362 S
376 2315 614 2382 ystema
647 2316 850 2360 autem
878 2314 1004 2382 eget
1028 2302 1135 2360 tali
1167 2301 1622 2359 nomenclatura
1643 2346 1656 2371 ‚
1716 2314 1786 2358 ut
1821 2324 1956 2360 sua»

89 2401 152 2457 in
183 2397 590 2478 experientiae
628 2396 866 2475 objecta
906 2396 1235 2475 applicatio
1268 2395 1569 2476 possibilis
1612 2395 1927 2457 reddatur,

255 2493 490 2544 Primam
516 2493 722 2543 clarum
752 2501 825 2542 est·
858 2510 919 2540 ex
945 2491 1378 2540 nomenclaturae
1419 2490 1801 2562 Systematicae
1838 2510 1928 2542 no-

89 2579 247 2630 tione.
275 2578 515 2648 Systema
545 2587 722 2628 autern
742 2576 897 2628 debet
929 2596 1035 2627 esse
1061 2575 1605 2648 physicohistoricum
1630 2577 1665 2627 i.
1686 2595 1728 2627 e.
1762 2579 1928 2630 ratio-

88 2685 183 2716 nes
206 2667 402 2715 summi
423 2666 713 2730 momenti,
753 2664 1151 2715 similitudinem
1182 2646 1738 2732 plzysicolzistoricam
1784 2663 1928 2716 evol-

89 2768 249 2813 vere,
288 2748 413 2798 alias
444 2767 551 2798 non
578 2757 709 2798 esset
739 2748 965 2819 dignum
989 2758 1246 2820 systema,
1286 2747 1428 2820 quod
1453 2747 1741 2799 verbaliter
1756 2747 1926 2820 expri-

87 2843 284 2884 matur.
324 2832 501 2884 Hocce
550 2843 774 2904 systema
819 2833 1154 2885 immutabile
1194 2833 1249 2884 in
1291 2833 1397 2883 suis
1439 2832 1751 2905 principiis,
1796 2854 1924 2885 nam

87 2919 373 2971 similitudo
409 2919 907 2988 physicolzistorica
933 2930 1010 2972 est
1024 2921 1245 2972 nonnisi
1274 2938 1384 2970 una
1403 2917 1561 2968 etiam
1585 2922 1931 2984 permanenti

86 3005 538 3057 nomenclaturae
579 3004 807 3055 unicum
859 3023 1187 3072 permanens
1216 3001 1644 3074 fundamentum
1687 3004 1923 3076 praebet.

85 3089 400 3160 Plerumque
431 3090 646 3162 quidem
677 3098 754 3141 sat
786 3087 888 3140 cito
917 3108 1089 3140 unum
1106 3098 1329 3161 systema
1360 3107 1454 3160 per
1467 3089 1694 3140 alterum
1723 3089 1918 3157 subito,

84 3174 165 3227 uti
197 3173 396 3246 fungus
425 3195 487 3227 ex
519 3187 688 3245 terra,
728 3195 1064 3244 excrescens,
1105 3175 1427 3242 destruitur,
1479 3184 1527 3227 et
1558 3173 1659 3226 hoc
1701 3174 1920 3228 inverti·

88 3268 175 3308 tur
202 3260 444 3331 proximo
475 3280 518 3313 e.
549 3283 586 3314 s.
620 3284 670 3335 p.
697 3293 764 3302 —
789 3262 878 3314 sed
909 3261 1040 3313 haec
1071 3270 1121 3313 et
1149 3261 1342 3312 similia
1372 3279 1709 3332 nequaquam
1738 3259 1919 3332 physi-

89 3342 469 3399 cohistoricum
492 3346 670 3417 timet,
707 3349 854 3402 nulla
885 3349 1024 3400 enim
1053 3348 1108 3399 in
1128 3367 1189 3398 eo
1210 3347 1525 3417 hypothesis
1546 3356 1701 3418 atque
1730 3347 1916 3399 volun-
