2127 3775
264 160 327 208 14

400 280 505 333 Ubi
535 284 614 333 vel
647 279 1015 351 cognitionum
1052 281 1469 351 homogeneitaS,
1505 280 1589 331 vel
1618 297 1799 330 earum
1816 280 1871 330 in
1899 298 2066 330 unum

261 379 575 436 conceptas,
627 366 708 417 vel
733 367 1006 434 principia
1044 385 1150 417 non
1195 365 1448 431 existunt,
1498 363 1575 416 ibi
1618 363 1681 414 (16
1714 365 1933 418 scientia
1966 382 2067 415 501·-

257 471 342 503 mo
370 452 522 523 plane
558 449 732 519 nullus
767 467 871 500 esse
912 458 1092 520 potest.

375 637 420 696 §.
468 629 520 689 3.
602 629 1028 688 Possihiles
1073 630 1159 690 de
1207 645 1487 692 natura
1545 633 1934 698 scientiae.

411 764 700 823 Scientiae
736 763 811 823 de
846 762 1167 843 prodactis
1218 779 1506 840 naturae,
1557 768 1778 850 quibus
1819 766 2067 847 ponitur

258 871 474 918 natura
512 860 671 938 ipsa,
728 858 1001 917 efficiunt
1031 861 1353 941 physicam
1382 884 1559 920 sensu
1594 862 1894 921 latissimo.

391 954 481 1005 Est
510 954 598 1003 illa
634 954 718 1005 vel
745 954 992 1006 Historia
1014 957 1280 1008 naturalis
1301 996 1318 1021 ,
1368 977 1500 1051 quae
1538 967 1757 1009 naturae
1785 957 2069 1032 producta,

257 1058 360 1110 qua
390 1038 525 1090 facta
563 1038 854 1089 secundum
881 1038 1238 1090 similitudinis
1266 1040 1591 1113 principium
1617 1045 1796 1114 juncta
1833 1041 2071 1108 exhibet>

260 1127 341 1177 vel
380 1134 452 1175 est
482 1124 602 1193 Plo
603 1127 716 1175 sica
755 1123 810 1173 in
844 1143 997 1182 sensu
1035 1124 1325 1220 strictiore,
1361 1146 1494 1199 quae
1540 1139 1610 1180 est
1639 1140 1858 1200 systema
1893 1127 2071 1199 cogni-

255 1211 463 1263 tionum
509 1209 569 1259 de
597 1209 805 1280 legibus
842 1218 1090 1276 naturae,
1126 1210 1352 1282 propriis
1391 1212 1494 1264 suis
1537 1213 1633 1265 sub
1659 1213 1953 1285 principiis.
2012 1213 2030 1216 ”

762 1397 814 1459 §.
855 1390 915 1454 4.
987 1389 1163 1451 Idea
1211 1404 1284 1451 et
1330 1397 1560 1455 notio,

416 1528 568 1586 Cum
594 1525 763 1584 usuri
790 1527 974 1585 simus
1005 1527 1239 1608 saepius
1268 1528 1432 1588 hisce
1465 1532 1528 1588 in
1556 1530 1813 1610 pagellis
1842 1529 2069 1588 verbis:

260 1622 393 1681 idea
451 1621 894 1701 (Vorstellung)
949 1631 1007 1680 et
1051 1626 1208 1681 notio
1259 1620 1533 1703 (Begriff)
1569 1670 1584 1695 ,
1646 1645 1908 1705 quorum
1952 1639 2073 1681 non

263 1718 544 1775 omnibus
585 1730 672 1776 est
709 1717 916 1775 eadem
951 1716 1249 1788 definitio,
1304 1741 1487 1800 quern
1528 1719 1645 1778 illis
1682 1741 1789 1777 nos
1829 1739 1940 1796 per
1985 1731 2074 1775 to-

260 1827 392 1871 tum
437 1814 673 1871 huncce
717 1812 994 1870 libellum
1033 1834 1270 1871 sensum
1312 1813 1588 1894 juncturi
1626 1815 1810 1873 simus
1836 1859 1851 1885 ‚
1904 1813 2075 1872 beni-

258 1930 412 1988 gnus
444 1907 602 1966 audi.
651 1907 873 1966 Omnes
919 1907 1235 1987 cujusdam
1286 1909 1510 1989 objecti
1554 1910 1952 1990 proprietates
1997 1909 2074 1966 si-

259 2004 390 2061 mul
423 2016 655 2062 sumtae
704 2002 877 2059 nobis
921 2003 1111 2083 hujus
1155 2004 1378 2083 objecti
1425 2004 1713 2063 exhibent
1755 2004 2111 2083 imaginem*

259 2120 369 2159 seu
408 2097 601 2158 ideam
642 2100 973 2155 intuitivam
1003 2096 1446 2173 (anschauliche
1482 2049 1924 2178 Vorstellung)‚
1965 2119 2075 2201 per

260 2212 442 2273 quam
468 2191 779 2271 objectum
805 2191 958 2249 illud
987 2193 1297 2252 intuemur
1324 2192 1737 2272 <anschauen),
1783 2194 1929 2252 dum
1957 2195 2076 2252 sin-

265 2287 551 2366 gularum
618 2287 972 2366 (einzelner)
1010 2290 1259 2347 'nonnisi
1314 2291 1756 2371 proprietatum
1807 2289 2076 2347 collectio

260 2386 418 2442 notio
463 2383 716 2453 dicitur,
759 2403 869 2462 per
901 2405 1083 2464 quam
1113 2383 1425 2462 objectum
1467 2385 1622 2445 illud
1652 2384 2072 2464 distinguimus

262 2476 783 2555 (unterscheiden)
821 2499 929 2536 seu
969 2478 1311 2557 cogitamus.

396 2570 548 2623 Ideae
599 2583 775 2624 autem
822 2584 944 2625 sunt
986 2575 1069 2626 vel
1117 2576 1452 2627 immediatae
1507 2572 1945 2637 (unmittelbare)
1993 2575 2078 2625 vel

262 2660 529 2709 mediatae
573 2657 936 2719 (mittelbare).
985 2659 1318 2732 Immediatae
1360 2670 1481 2712 sunt
1506 2697 1523 2726 9
1575 2679 1709 2732 quae
1755 2679 1851 2732 per
1901 2660 2076 2732 ipsum

264 2742 517 2793 intuitum
561 2743 754 2813 objecti
793 2743 1066 2815 cujusdam
1097 2745 1373 2813 oriuntur2
1408 2745 1664 2796 mediatae
1690 2754 1866 2797 autem
1895 2746 2076 2797 dicun·

263 2837 383 2893 tur,
421 2847 554 2900 quae
592 2828 947 2880 mediantibus
984 2829 1096 2881 aliis
1141 2829 1270 2881 ideis
1312 2829 1439 2888 (sint
1480 2829 1598 2880 illae
1635 2849 1780 2882 nunc
1817 2830 2074 2882 mediatae

265 2913 346 2962 vel
377 2912 732 2971 immediatae.)
759 2924 1122 2984 procreantur.
1163 2914 1250 2965 Sic
1276 2933 1407 2986 quae
1434 2933 1529 2985 per
1556 2925 1821 2986 aspectum
1841 2913 2076 2966 Orcheos

264 2996 506 3047 militaris
545 2997 662 3048 idea
699 2998 902 3066 oritur,
941 3010 1015 3051 est
1041 2998 1200 3072 hujus
1223 3000 1430 3072 plantae
1455 2999 1571 3050 idea
1601 3000 1929 3064 immediata3
1956 2999 2073 3049 idea

267 3090 442 3132 autem
479 3082 687 3153 generis
713 3082 903 3134 Orchis
939 3093 1013 3136 est
1049 3085 1306 3153 mediatap
1344 3083 1467 3156 quia
1511 3083 1656 3136 illam
1694 3085 1841 3136 ideae
1882 3083 2074 3156 specie-

267 3184 387 3216 rum
426 3165 583 3237 hujus
619 3167 827 3240 generis
862 3169 1108 3226 mediant.
