2127 3775
214 200 303 231 Vssl

209 303 501 381 principia
528 302 592 356 in
636 299 1061 374 amorganz'ca
1100 291 1491 373 (concedunt,
1546 305 1864 375 postquam
1887 314 2023 373 per·
2092 364 2098 371 ι

207 413 596 472 fectissimum
619 408 702 464 ibi
725 429 833 486 per
855 407 958 465 illa
980 420 1233 486 systema
1259 405 1567 463 conditum
1591 440 1665 447 -—-
1685 427 1838 486 quae
1859 426 2024 483 mag-

208 523 552 593 naminitaS‚
595 518 759 577 illam
789 519 1082 598 laudem),
1113 519 1220 581 sed
1247 520 1309 578 in
1340 524 1674 598 organica
1694 562 1712 591 ,
1772 530 1989 596 negant
2008 563 2023 588 ‚

208 639 323 693 imo
347 631 731 714 peculiarem
771 632 1053 713 logicam
1087 634 1448 712 organicae
1480 642 1748 692 naturae
1777 631 2026 688 existere

208 746 426 804 debere
465 745 836 804 contendunt
867 783 944 790 —
979 745 1083 805 sed
1114 744 1241 804 fere
1286 744 1561 803 dixissem
1581 787 1596 812 ,
1649 765 1849 825 neque
1880 740 2026 821 logi-

204 879 297 915 ces
326 879 524 939 neque
556 870 807 916 naturae
843 857 1262 937 gnarissimum
1298 856 1437 915 talia
1468 856 1664 936 primo
1689 854 2029 935 protulisse.

208 970 421 1050 Logica
449 970 609 1029 enim
637 969 785 1044 fuit,
833 982 919 1028 est
955 981 1014 1028 et
1046 968 1160 1027 erit
1192 967 1430 1026 nonnisi
1465 988 1585 1024 una
1605 1012 1619 1037 ‚
1675 979 1878 1026 mente
1910 965 2028 1024 hu-

208 1105 383 1141 mana
414 1083 728 1141 immutata
758 1091 1063 1141 manente.
1121 1077 1444 1138 Methodus
1483 1090 1681 1136 autern
1721 1078 1900 1136 etiam
1942 1090 2032 1136 est

205 1217 325 1253 una
354 1193 709 1274 eademque,
753 1216 892 1251 nam
920 1193 1170 1251 historia
1197 1191 1488 1251 naturalis
1524 1204 1612 1249 est
1646 1200 2031 1271 una‘semper

206 1322 265 1366 et
298 1307 506 1364 eadem
537 1307 782 1364 scientia
802 1350 815 1377 ,
860 1307 934 1364 sit
966 1307 1275 1386 objectum
1307 1306 1751 1387 qualecunque·
1797 1302 2032 1383 Specia-

204 1419 285 1478 lia
331 1416 576 1498 quidem
622 1417 894 1475 methodi
938 1418 1284 1498 diriguntur
1331 1438 1441 1496 per
1491 1417 1891 1496 proprietates
1931 1437 2034 1472 en—

204 1531 388 1601 tium,
451 1550 604 1610 quae
657 1527 1054 1588 diversissima
1081 1529 1425 1587 omnimodo
1467 1540 1609 1585 sunt
1646 1529 1709 1583 in
1742 1526 1906 1583 vario
1938 1547 2034 1582 re-

203 1664 338 1722 gno,
380 1641 486 1699 Illa
520 1653 723 1698 autem
757 1640 1117 1721 disparilitas
1149 1633 1389 1700 nonnisi
1418 1640 1668 1720 ponitur
1712 1659 1822 1719 per
1866 1638 2036 1696 illam

205 1752 599 1835 qualitatum,
661 1773 918 1834 quarum
953 1754 1066 1811 nisi
1101 1752 1561 1832 conjunctiones
1591 1751 1738 1810 haec
1773 1752 1901 1831 ipsa
1932 1773 2035 1809 en-

208 1867 286 1922 tia
319 1877 482 1930 sunt.
541 1866 649 1941 Sis?
674 1878 821 1947 quot
858 1878 917 1923 et
951 1866 1156 1947 quales
1201 1865 1576 1924 differentiae
1603 1866 1760 1923 inter
1791 1864 2035 1943 crystal-

207 1978 335 2036 lum
369 1980 533 2050 auri,
577 2000 774 2036 rosam
804 1977 1110 2058 etlfelem?
1157 1991 1215 2054 et
1248 1991 1480 2049 tamen,
1526 2001 1635 2036 ceu
1666 1977 2033 2058 productum

206 2102 458 2148 naturae
517 2088 768 2170 quodvis
827 2089 891 2146 in
943 2109 1048 2147 suo
1123 2102 1441 2168 systemate
1502 2091 2035 2170 physicohistorico

209 2201 516 2282 quondam
548 2222 834 2281 apparere
865 2200 1114 2260 debebit
1146 2201 1355 2260 eadem
1392 2202 1774 2263 tractandum
1802 2202 2038 2260 metho-

209 2314 285 2372 do
316 2314 602 2393 generali‚
659 2314 981 2392 singularia
1023 2315 1184 2372 enim
1227 2315 1468 2373 nonnisi
1497 2313 1768 2374 methodi
1816 2315 1879 2372 in
1917 2315 2037 2373 illis

210 2425 647 2507 productorum
683 2422 1128 2482 diversitatibus
1156 2424 1412 2485 fundata
1442 2440 1583 2486 sunt
1600 2473 1615 2499 ,
1670 2426 1818 2485 dum
1846 2426 1910 2484 in
1945 2427 2037 2486 hi-

211 2538 388 2597 storia
424 2537 684 2595 naturali
707 2537 822 2596 hae
847 2536 1165 2607 tolluntur,
1207 2551 1277 2597 ut
1309 2543 1666 2601 commanis
1696 2538 2037 2600 methodus

218 2650 409 2709 evolvi
449 2651 649 2730 possit.

381 2780 546 2856 Quae
593 2792 654 2838 et
697 2781 896 2862 qualia
934 2793 1238 2860 praestare
1281 2781 1468 2862 possit
1508 2769 1836 2841 *methodus
1879 2782 2034 2861 phy-

219 2890 621 2949 sicohistorica
659 2888 782 2965 <die
803 2893 1339 2952 naturhistorische
1365 2892 1672 2971 Methode)
1712 2894 1936 2953 affatim
1969 2895 2033 2953 in

221 3002 603 3082 mineralogia
641 3001 1133 3064 demonstratum.
1188 3003 1523 3083 Ambiguus
1563 3027 1801 3084 semper
1840 3005 2035 3065 adhuc

221 3115 578 3173 scientificus
609 3113 772 3172 valor
799 3117 1205 3195 cognitionum
1235 3116 1303 3174 in
1329 3115 1632 3190 butanica,
1677 3131 1735 3178 et
1766 3116 2035 3177 defectus
2114 3179 2121 3186 ,

224 3240 522 3286 certorum
560 3228 1026 3291 immutabilium
1061 3231 1495 3313 principiorum
1524 3253 1554 3290 a
1587 3231 1862 3311 plurimis
1910 3253 2030 3291 non
