<?xml version="1.0" encoding="UTF-8"?>
<!DOCTYPE html PUBLIC "-//W3C//DTD XHTML 1.0 Transitional//EN"
    "http://www.w3.org/TR/xhtml1/DTD/xhtml1-transitional.dtd">
<html xmlns="http://www.w3.org/1999/xhtml" xml:lang="en" lang="en">
 <head>
  <title>
</title>
<meta http-equiv="Content-Type" content="text/html;charset=utf-8" />
  <meta name='ocr-system' content='tesseract 3.04.00' />
  <meta name='ocr-capabilities' content='ocr_page ocr_carea ocr_par ocr_line ocrx_word'/>
</head>
<body>
  <div class='ocr_page' id='page_1' title='image "./dissertatiobotan00helm_0034.png"; bbox 0 0 2127 3775; ppageno 0'>
   <div class='ocr_carea' id='block_1_1' title="bbox 243 225 310 275">
    <p class='ocr_par' dir='ltr' id='par_1_1' title="bbox 243 225 310 275">
     <span class='ocr_line' id='line_1_1' title="bbox 243 225 310 275; baseline -0.03 0"><span class='ocrx_word' id='word_1_1' title='bbox 243 225 310 275; x_wconf 78' lang='lat'>30</span> 
     </span>
    </p>
   </div>
   <div class='ocr_carea' id='block_1_2' title="bbox 239 346 2050 590">
    <p class='ocr_par' dir='ltr' id='par_1_2' title="bbox 239 346 2050 590">
     <span class='ocr_line' id='line_1_2' title="bbox 240 346 2047 418; baseline -0.004 -18"><span class='ocrx_word' id='word_1_2' title='bbox 240 350 440 400; x_wconf 71' lang='lat' dir='ltr'>ric-rum</span> <span class='ocrx_word' id='word_1_3' title='bbox 475 348 926 413; x_wconf 76' lang='lat' dir='ltr'>respeclivarum,</span> <span class='ocrx_word' id='word_1_4' title='bbox 980 365 1112 418; x_wconf 86' lang='lat' dir='ltr'>quae</span> <span class='ocrx_word' id='word_1_5' title='bbox 1147 346 1238 398; x_wconf 91' lang='lat' dir='ltr'>tali</span> <span class='ocrx_word' id='word_1_6' title='bbox 1262 346 1417 398; x_wconf 89' lang='lat' dir='ltr'>modo</span> <span class='ocrx_word' id='word_1_7' title='bbox 1451 346 1590 399; x_wconf 85' lang='lat' dir='ltr'>inter</span> <span class='ocrx_word' id='word_1_8' title='bbox 1629 364 1680 396; x_wconf 91' lang='lat' dir='ltr'>se</span> <span class='ocrx_word' id='word_1_9' title='bbox 1716 354 1836 397; x_wconf 82' lang='lat' dir='ltr'>sunt</span> <span class='ocrx_word' id='word_1_10' title='bbox 1868 362 2047 395; x_wconf 82' lang='lat' dir='ltr'>nexae.</span> 
     </span>
     <span class='ocr_line' id='line_1_3' title="bbox 240 427 2050 506; baseline -0.003 -22"><span class='ocrx_word' id='word_1_11' title='bbox 240 434 530 506; x_wconf 78' lang='lat' dir='ltr'>Imaginem</span> <span class='ocrx_word' id='word_1_12' title='bbox 582 434 690 503; x_wconf 85' lang='lat' dir='ltr'>ejus</span> <span class='ocrx_word' id='word_1_13' title='bbox 755 452 921 483; x_wconf 89' lang='lat' dir='ltr'>nexus</span> <span class='ocrx_word' id='word_1_14' title='bbox 979 432 1228 483; x_wconf 79' lang='lat' dir='ltr'>facillime</span> <span class='ocrx_word' id='word_1_15' title='bbox 1283 432 1435 483; x_wconf 86' lang='lat' dir='ltr'>nobis</span> <span class='ocrx_word' id='word_1_16' title='bbox 1483 433 1768 505; x_wconf 81' lang='lat' dir='ltr'>pingemus</span> <span class='ocrx_word' id='word_1_17' title='bbox 1814 427 2050 505; x_wconf 72' lang='lat' dir='ltr'>sequenti</span> 
     </span>
     <span class='ocr_line' id='line_1_4' title="bbox 239 515 1479 590; baseline -0.002 -19"><span class='ocrx_word' id='word_1_18' title='bbox 239 520 425 585; x_wconf 83' lang='lat' dir='ltr'>modo,</span> <span class='ocrx_word' id='word_1_19' title='bbox 462 517 772 590; x_wconf 77' lang='lat' dir='ltr'>qualitatum</span> <span class='ocrx_word' id='word_1_20' title='bbox 802 517 1028 570; x_wconf 74' lang='lat' dir='ltr'>Schema</span> <span class='ocrx_word' id='word_1_21' title='bbox 1053 516 1198 566; x_wconf 87' lang='lat' dir='ltr'>illam</span> <span class='ocrx_word' id='word_1_22' title='bbox 1221 515 1479 569; x_wconf 74' lang='lat' dir='ltr'>dicentesz</span> 
     </span>
    </p>
   </div>
   <div class='ocr_carea' id='block_1_3' title="bbox 668 661 1641 1440">
    <p class='ocr_par' dir='ltr' id='par_1_3' title="bbox 668 661 1641 1440">
     <span class='ocr_line' id='line_1_5' title="bbox 668 661 1641 1440; baseline 0 2335"><span class='ocrx_word' id='word_1_23' title='bbox 668 661 1641 1440; x_wconf 95' lang='lat' dir='ltr'> </span> 
     </span>
    </p>
   </div>
   <div class='ocr_carea' id='block_1_4' title="bbox 227 1514 2117 3303">
    <p class='ocr_par' dir='ltr' id='par_1_4' title="bbox 236 1514 2117 2018">
     <span class='ocr_line' id='line_1_6' title="bbox 401 1514 2058 1592; baseline -0.004 -19"><span class='ocrx_word' id='word_1_24' title='bbox 401 1519 630 1592; x_wconf 79' lang='lat' dir='ltr'>Quaevis</span> <span class='ocrx_word' id='word_1_25' title='bbox 653 1519 804 1571; x_wconf 89' lang='lat' dir='ltr'>litera</span> <span class='ocrx_word' id='word_1_26' title='bbox 832 1517 1206 1591; x_wconf 78' lang='lat' dir='ltr'>proprietatem</span> <span class='ocrx_word' id='word_1_27' title='bbox 1240 1527 1592 1590; x_wconf 84' lang='lat' dir='ltr'>repraesentat</span> <span class='ocrx_word' id='word_1_28' title='bbox 1619 1517 1832 1590; x_wconf 78' lang='lat' dir='ltr'>ejusque</span> <span class='ocrx_word' id='word_1_29' title='bbox 1855 1514 2058 1568; x_wconf 87' lang='lat' dir='ltr'>modifi-</span> 
     </span>
     <span class='ocr_line' id='line_1_7' title="bbox 239 1602 2057 1678; baseline -0.004 -17"><span class='ocrx_word' id='word_1_30' title='bbox 239 1610 518 1661; x_wconf 84' lang='lat' dir='ltr'>cationem.</span> <span class='ocrx_word' id='word_1_31' title='bbox 556 1605 785 1678; x_wconf 78' lang='lat' dir='ltr'>Quaevis</span> <span class='ocrx_word' id='word_1_32' title='bbox 815 1603 1011 1655; x_wconf 87' lang='lat' dir='ltr'>harum</span> <span class='ocrx_word' id='word_1_33' title='bbox 1040 1624 1163 1655; x_wconf 90' lang='lat' dir='ltr'>cum</span> <span class='ocrx_word' id='word_1_34' title='bbox 1192 1604 1375 1676; x_wconf 82' lang='lat' dir='ltr'>quavis</span> <span class='ocrx_word' id='word_1_35' title='bbox 1406 1603 1505 1653; x_wconf 89' lang='lat' dir='ltr'>alia</span> <span class='ocrx_word' id='word_1_36' title='bbox 1541 1602 1837 1653; x_wconf 88' lang='lat' dir='ltr'>combinari</span> <span class='ocrx_word' id='word_1_37' title='bbox 1864 1612 2057 1674; x_wconf 87' lang='lat' dir='ltr'>potest,</span> 
     </span>
     <span class='ocr_line' id='line_1_8' title="bbox 238 1687 2117 1766; baseline -0.003 -21"><span class='ocrx_word' id='word_1_38' title='bbox 238 1715 367 1766; x_wconf 80' lang='lat' dir='ltr'>ergo</span> <span class='ocrx_word' id='word_1_39' title='bbox 404 1693 695 1744; x_wconf 89' lang='lat' dir='ltr'>secundum</span> <span class='ocrx_word' id='word_1_40' title='bbox 733 1710 911 1741; x_wconf 87' lang='lat' dir='ltr'>omnes</span> <span class='ocrx_word' id='word_1_41' title='bbox 950 1689 1262 1741; x_wconf 81' lang='lat' dir='ltr'>directiones</span> <span class='ocrx_word' id='word_1_42' title='bbox 1308 1689 1448 1740; x_wconf 87' lang='lat' dir='ltr'>intra</span> <span class='ocrx_word' id='word_1_43' title='bbox 1487 1687 1615 1738; x_wconf 85' lang='lat' dir='ltr'>fines</span> <span class='ocrx_word' id='word_1_44' title='bbox 1663 1688 2059 1760; x_wconf 84' lang='lat' dir='ltr'>conjunctiones</span> <span class='ocrx_word' id='word_1_45' title='bbox 2112 1690 2117 1696; x_wconf 85' lang='grc'><strong>’</strong></span> 
     </span>
     <span class='ocr_line' id='line_1_9' title="bbox 236 1773 2060 1850; baseline -0.003 -20"><span class='ocrx_word' id='word_1_46' title='bbox 236 1778 357 1830; x_wconf 86' lang='lat' dir='ltr'>fieri</span> <span class='ocrx_word' id='word_1_47' title='bbox 396 1787 613 1850; x_wconf 84' lang='lat' dir='ltr'>possunt</span> <span class='ocrx_word' id='word_1_48' title='bbox 638 1809 707 1816; x_wconf 91' lang='lat'>—-</span> <span class='ocrx_word' id='word_1_49' title='bbox 739 1786 788 1828; x_wconf 91' lang='lat' dir='ltr'>et</span> <span class='ocrx_word' id='word_1_50' title='bbox 820 1796 848 1826; x_wconf 90' lang='lat' dir='ltr'>a</span> <span class='ocrx_word' id='word_1_51' title='bbox 881 1776 952 1826; x_wconf 72' lang='lat'>13¹1</span> <span class='ocrx_word' id='word_1_52' title='bbox 991 1788 1036 1826; x_wconf 82' lang='lat' dir='ltr'>c1</span> <span class='ocrx_word' id='word_1_53' title='bbox 1079 1776 1158 1825; x_wconf 79' lang='lat' dir='ltr'>dlv</span> <span class='ocrx_word' id='word_1_54' title='bbox 1193 1789 1238 1826; x_wconf 79' lang='lat' dir='ltr'>el</span> <span class='ocrx_word' id='word_1_55' title='bbox 1277 1795 1385 1826; x_wconf 90' lang='lat' dir='ltr'>non</span> <span class='ocrx_word' id='word_1_56' title='bbox 1421 1773 1624 1840; x_wconf 55' lang='lat' dir='ltr'>minute,</span> <span class='ocrx_word' id='word_1_57' title='bbox 1663 1793 1823 1845; x_wconf 87' lang='lat' dir='ltr'>quam</span> <span class='ocrx_word' id='word_1_58' title='bbox 1858 1786 1936 1823; x_wconf 71' lang='lat' dir='ltr'>a1V</span> <span class='ocrx_word' id='word_1_59' title='bbox 1969 1775 2060 1825; x_wconf 85' lang='lat' dir='ltr'>b111</span> 
     </span>
     <span class='ocr_line' id='line_1_10' title="bbox 238 1857 2059 1933; baseline -0.003 -18"><span class='ocrx_word' id='word_1_60' title='bbox 238 1879 305 1916; x_wconf 80' lang='lat' dir='ltr'>cll</span> <span class='ocrx_word' id='word_1_61' title='bbox 346 1864 428 1913; x_wconf 82' lang='lat' dir='ltr'>dffl</span> <span class='ocrx_word' id='word_1_62' title='bbox 459 1877 514 1914; x_wconf 82' lang='lat' dir='ltr'>ev</span> <span class='ocrx_word' id='word_1_63' title='bbox 557 1884 593 1912; x_wconf 91' lang='lat' dir='ltr'>s.</span> <span class='ocrx_word' id='word_1_64' title='bbox 624 1881 666 1912; x_wconf 92' lang='lat' dir='ltr'>e.</span> <span class='ocrx_word' id='word_1_65' title='bbox 696 1882 779 1933; x_wconf 85' lang='lat' dir='ltr'>p.,</span> <span class='ocrx_word' id='word_1_66' title='bbox 820 1860 860 1911; x_wconf 90' lang='lat' dir='ltr'>si</span> <span class='ocrx_word' id='word_1_67' title='bbox 886 1860 1120 1912; x_wconf 88' lang='lat' dir='ltr'>occurrit</span> <span class='ocrx_word' id='word_1_68' title='bbox 1157 1882 1279 1912; x_wconf 88' lang='lat' dir='ltr'>cum</span> <span class='ocrx_word' id='word_1_69' title='bbox 1305 1860 1419 1910; x_wconf 91' lang='lat' dir='ltr'>aliis</span> <span class='ocrx_word' id='word_1_70' title='bbox 1454 1860 1593 1910; x_wconf 86' lang='lat' dir='ltr'>intra</span> <span class='ocrx_word' id='word_1_71' title='bbox 1630 1859 1880 1910; x_wconf 91' lang='lat' dir='ltr'>cancellos</span> <span class='ocrx_word' id='word_1_72' title='bbox 1904 1857 2059 1910; x_wconf 90' lang='lat' dir='ltr'>hosce</span> 
     </span>
     <span class='ocr_line' id='line_1_11' title="bbox 237 1943 1554 2018; baseline -0.005 -18"><span class='ocrx_word' id='word_1_73' title='bbox 237 1946 478 2000; x_wconf 86' lang='lat' dir='ltr'>formatis</span> <span class='ocrx_word' id='word_1_74' title='bbox 503 1943 987 1996; x_wconf 83' lang='lat' dir='ltr'>combinationibus</span> <span class='ocrx_word' id='word_1_75' title='bbox 1015 1944 1410 2018; x_wconf 79' lang='lat' dir='ltr'>homogeneum</span> <span class='ocrx_word' id='word_1_76' title='bbox 1441 1944 1554 1995; x_wconf 87' lang='lat' dir='ltr'>erit.</span> 
     </span>
    </p>

    <p class='ocr_par' dir='ltr' id='par_1_5' title="bbox 227 2029 2061 3303">
     <span class='ocr_line' id='line_1_12' title="bbox 402 2029 2061 2103; baseline -0.002 -21"><span class='ocrx_word' id='word_1_77' title='bbox 402 2031 715 2103; x_wconf 82' lang='lat' dir='ltr'>Priusquam</span> <span class='ocrx_word' id='word_1_78' title='bbox 740 2050 848 2082; x_wconf 88' lang='lat' dir='ltr'>non</span> <span class='ocrx_word' id='word_1_79' title='bbox 863 2067 878 2097; x_wconf 95' lang='lat'>,</span> <span class='ocrx_word' id='word_1_80' title='bbox 917 2049 1051 2102; x_wconf 81' lang='lat' dir='ltr'>quae</span> <span class='ocrx_word' id='word_1_81' title='bbox 1074 2030 1320 2102; x_wconf 87' lang='lat' dir='ltr'>propriae</span> <span class='ocrx_word' id='word_1_82' title='bbox 1347 2029 1618 2082; x_wconf 87' lang='lat' dir='ltr'>varietates</span> <span class='ocrx_word' id='word_1_83' title='bbox 1646 2029 1710 2080; x_wconf 84' lang='lat' dir='ltr'>ad</span> <span class='ocrx_word' id='word_1_84' title='bbox 1741 2048 1905 2079; x_wconf 90' lang='lat' dir='ltr'>unam</span> <span class='ocrx_word' id='word_1_85' title='bbox 1939 2047 2061 2079; x_wconf 83' lang='lat' dir='ltr'>ean-</span> 
     </span>
     <span class='ocr_line' id='line_1_13' title="bbox 238 2114 2058 2189; baseline -0.003 -20"><span class='ocrx_word' id='word_1_86' title='bbox 238 2119 463 2189; x_wconf 81' lang='lat' dir='ltr'>demque</span> <span class='ocrx_word' id='word_1_87' title='bbox 495 2115 720 2187; x_wconf 88' lang='lat' dir='ltr'>speciem</span> <span class='ocrx_word' id='word_1_88' title='bbox 744 2114 1066 2185; x_wconf 83' lang='lat' dir='ltr'>pertineant,</span> <span class='ocrx_word' id='word_1_89' title='bbox 1104 2114 1207 2165; x_wconf 89' lang='lat' dir='ltr'>sint</span> <span class='ocrx_word' id='word_1_90' title='bbox 1235 2115 1502 2186; x_wconf 80' lang='lat' dir='ltr'>cognitae,</span> <span class='ocrx_word' id='word_1_91' title='bbox 1539 2135 1637 2166; x_wconf 90' lang='lat' dir='ltr'>nec</span> <span class='ocrx_word' id='word_1_92' title='bbox 1669 2114 1921 2187; x_wconf 70' lang='lat' dir='ltr'>ejusmodi</span> <span class='ocrx_word' id='word_1_93' title='bbox 1942 2114 2058 2165; x_wconf 88' lang='lat' dir='ltr'>idea</span> 
     </span>
     <span class='ocr_line' id='line_1_14' title="bbox 240 2199 2058 2273; baseline -0.002 -19"><span class='ocrx_word' id='word_1_94' title='bbox 240 2201 557 2254; x_wconf 86' lang='lat' dir='ltr'>schematica</span> <span class='ocrx_word' id='word_1_95' title='bbox 583 2199 912 2272; x_wconf 87' lang='lat' dir='ltr'>qualitatum,</span> <span class='ocrx_word' id='word_1_96' title='bbox 949 2209 1009 2262; x_wconf 80' lang='lat' dir='ltr'>ut</span> <span class='ocrx_word' id='word_1_97' title='bbox 1037 2200 1193 2249; x_wconf 90' lang='lat' dir='ltr'>modo</span> <span class='ocrx_word' id='word_1_98' title='bbox 1227 2199 1582 2268; x_wconf 75' lang='lat' dir='ltr'>exhibuimus,</span> <span class='ocrx_word' id='word_1_99' title='bbox 1623 2200 1855 2252; x_wconf 75' lang='lat' dir='ltr'>construi</span> <span class='ocrx_word' id='word_1_100' title='bbox 1875 2210 2058 2273; x_wconf 86' lang='lat' dir='ltr'>potest,</span> 
     </span>
     <span class='ocr_line' id='line_1_15' title="bbox 240 2282 2060 2360; baseline -0.001 -23"><span class='ocrx_word' id='word_1_101' title='bbox 240 2287 367 2360; x_wconf 83' lang='lat' dir='ltr'>quia</span> <span class='ocrx_word' id='word_1_102' title='bbox 399 2285 556 2336; x_wconf 87' lang='lat' dir='ltr'>series</span> <span class='ocrx_word' id='word_1_103' title='bbox 584 2284 825 2335; x_wconf 90' lang='lat' dir='ltr'>nondum</span> <span class='ocrx_word' id='word_1_104' title='bbox 861 2293 983 2334; x_wconf 89' lang='lat' dir='ltr'>sunt</span> <span class='ocrx_word' id='word_1_105' title='bbox 1020 2283 1281 2355; x_wconf 76' lang='lat' dir='ltr'>cognitae.</span> <span class='ocrx_word' id='word_1_106' title='bbox 1322 2282 1459 2335; x_wconf 90' lang='lat' dir='ltr'>Cum</span> <span class='ocrx_word' id='word_1_107' title='bbox 1494 2295 1672 2336; x_wconf 89' lang='lat' dir='ltr'>tamen</span> <span class='ocrx_word' id='word_1_108' title='bbox 1708 2305 1833 2337; x_wconf 90' lang='lat' dir='ltr'>vero</span> <span class='ocrx_word' id='word_1_109' title='bbox 1868 2285 1924 2335; x_wconf 89' lang='lat' dir='ltr'>in</span> <span class='ocrx_word' id='word_1_110' title='bbox 1950 2304 2060 2336; x_wconf 89' lang='lat' dir='ltr'>uno</span> 
     </span>
     <span class='ocr_line' id='line_1_16' title="bbox 238 2365 2059 2443; baseline -0.002 -20"><span class='ocrx_word' id='word_1_111' title='bbox 238 2371 519 2424; x_wconf 85' lang='lat' dir='ltr'>individuo</span> <span class='ocrx_word' id='word_1_112' title='bbox 549 2369 819 2443; x_wconf 86' lang='lat' dir='ltr'>qualitates</span> <span class='ocrx_word' id='word_1_113' title='bbox 847 2388 1126 2419; x_wconf 89' lang='lat' dir='ltr'>occurrere</span> <span class='ocrx_word' id='word_1_114' title='bbox 1161 2379 1407 2441; x_wconf 84' lang='lat' dir='ltr'>possunt,</span> <span class='ocrx_word' id='word_1_115' title='bbox 1456 2389 1589 2442; x_wconf 85' lang='lat' dir='ltr'>quae</span> <span class='ocrx_word' id='word_1_116' title='bbox 1626 2390 1687 2421; x_wconf 86' lang='lat' dir='ltr'>ex</span> <span class='ocrx_word' id='word_1_117' title='bbox 1713 2365 1814 2420; x_wconf 83' lang='lat' dir='ltr'>illis</span> <span class='ocrx_word' id='word_1_118' title='bbox 1845 2366 2059 2422; x_wconf 82' lang='lat' dir='ltr'>alterius</span> 
     </span>
     <span class='ocr_line' id='line_1_17' title="bbox 245 2452 2059 2526; baseline -0.001 -19"><span class='ocrx_word' id='word_1_119' title='bbox 245 2452 542 2522; x_wconf 76' lang='lat' dir='ltr'>individui,</span> <span class='ocrx_word' id='word_1_120' title='bbox 588 2453 762 2521; x_wconf 88' lang='lat' dir='ltr'>tertii,</span> <span class='ocrx_word' id='word_1_121' title='bbox 809 2453 983 2525; x_wconf 88' lang='lat' dir='ltr'>quarti</span> <span class='ocrx_word' id='word_1_122' title='bbox 1022 2463 1070 2505; x_wconf 90' lang='lat' dir='ltr'>et</span> <span class='ocrx_word' id='word_1_123' title='bbox 1104 2474 1140 2504; x_wconf 87' lang='lat' dir='ltr'>s.</span> <span class='ocrx_word' id='word_1_124' title='bbox 1170 2475 1220 2525; x_wconf 87' lang='lat' dir='ltr'>p.</span> <span class='ocrx_word' id='word_1_125' title='bbox 1260 2454 1408 2526; x_wconf 84' lang='lat' dir='ltr'>quasi</span> <span class='ocrx_word' id='word_1_126' title='bbox 1456 2455 1867 2507; x_wconf 78' lang='lat' dir='ltr'>combinationes</span> <span class='ocrx_word' id='word_1_127' title='bbox 1904 2474 2059 2526; x_wconf 77' lang='lat' dir='ltr'>appa-</span> 
     </span>
     <span class='ocr_line' id='line_1_18' title="bbox 239 2539 2058 2614; baseline -0.002 -20"><span class='ocrx_word' id='word_1_128' title='bbox 239 2553 384 2594; x_wconf 86' lang='lat' dir='ltr'>rent:</span> <span class='ocrx_word' id='word_1_129' title='bbox 432 2541 545 2592; x_wconf 87' lang='lat' dir='ltr'>illas</span> <span class='ocrx_word' id='word_1_130' title='bbox 579 2539 977 2591; x_wconf 81' lang='lat' dir='ltr'>nominabimus</span> <span class='ocrx_word' id='word_1_131' title='bbox 1013 2541 1305 2591; x_wconf 89' lang='lat' dir='ltr'>secundum</span> <span class='ocrx_word' id='word_1_132' title='bbox 1342 2541 1456 2592; x_wconf 87' lang='lat' dir='ltr'>illas</span> <span class='ocrx_word' id='word_1_133' title='bbox 1492 2543 1720 2614; x_wconf 84' lang='lat' dir='ltr'>plantas,</span> <span class='ocrx_word' id='word_1_134' title='bbox 1769 2539 1827 2591; x_wconf 90' lang='lat' dir='ltr'>in</span> <span class='ocrx_word' id='word_1_135' title='bbox 1863 2539 2058 2612; x_wconf 81' lang='lat' dir='ltr'>quibus</span> 
     </span>
     <span class='ocr_line' id='line_1_19' title="bbox 238 2623 2058 2699; baseline -0.002 -21"><span class='ocrx_word' id='word_1_136' title='bbox 238 2624 657 2699; x_wconf 83' lang='lat' dir='ltr'>frequentissime</span> <span class='ocrx_word' id='word_1_137' title='bbox 694 2633 1015 2691; x_wconf 86' lang='lat' dir='ltr'>occurrunt,</span> <span class='ocrx_word' id='word_1_138' title='bbox 1060 2623 1161 2676; x_wconf 91' lang='lat' dir='ltr'>hac</span> <span class='ocrx_word' id='word_1_139' title='bbox 1196 2624 1443 2678; x_wconf 89' lang='lat' dir='ltr'>methodo</span> <span class='ocrx_word' id='word_1_140' title='bbox 1478 2627 1684 2699; x_wconf 81' lang='lat' dir='ltr'>singula</span> <span class='ocrx_word' id='word_1_141' title='bbox 1719 2625 1958 2676; x_wconf 85' lang='lat' dir='ltr'>membra</span> <span class='ocrx_word' id='word_1_142' title='bbox 1985 2645 2058 2675; x_wconf 86' lang='lat' dir='ltr'>se-</span> 
     </span>
     <span class='ocr_line' id='line_1_20' title="bbox 238 2708 2057 2781; baseline -0.002 -18"><span class='ocrx_word' id='word_1_143' title='bbox 238 2713 443 2763; x_wconf 87' lang='lat' dir='ltr'>rierum</span> <span class='ocrx_word' id='word_1_144' title='bbox 492 2708 807 2776; x_wconf 78' lang='lat' dir='ltr'>indicaturi,</span> <span class='ocrx_word' id='word_1_145' title='bbox 868 2728 1002 2781; x_wconf 83' lang='lat' dir='ltr'>quae</span> <span class='ocrx_word' id='word_1_146' title='bbox 1052 2711 1295 2780; x_wconf 81' lang='lat' dir='ltr'>integrae</span> <span class='ocrx_word' id='word_1_147' title='bbox 1340 2712 1580 2774; x_wconf 89' lang='lat' dir='ltr'>nondum</span> <span class='ocrx_word' id='word_1_148' title='bbox 1627 2709 1865 2761; x_wconf 82' lang='lat' dir='ltr'>existunt.</span> <span class='ocrx_word' id='word_1_149' title='bbox 1916 2708 2057 2761; x_wconf 87' lang='lat' dir='ltr'>Hinc</span> 
     </span>
     <span class='ocr_line' id='line_1_21' title="bbox 245 2793 2056 2867; baseline -0.001 -20"><span class='ocrx_word' id='word_1_150' title='bbox 245 2797 433 2863; x_wconf 83' lang='lat' dir='ltr'>etiam,</span> <span class='ocrx_word' id='word_1_151' title='bbox 471 2795 597 2867; x_wconf 85' lang='lat' dir='ltr'>quia</span> <span class='ocrx_word' id='word_1_152' title='bbox 626 2804 732 2846; x_wconf 85' lang='lat' dir='ltr'>tota</span> <span class='ocrx_word' id='word_1_153' title='bbox 762 2793 954 2866; x_wconf 87' lang='lat' dir='ltr'>species</span> <span class='ocrx_word' id='word_1_154' title='bbox 982 2812 1174 2845; x_wconf 88' lang='lat' dir='ltr'>nomen</span> <span class='ocrx_word' id='word_1_155' title='bbox 1204 2795 1441 2846; x_wconf 88' lang='lat' dir='ltr'>nondum</span> <span class='ocrx_word' id='word_1_156' title='bbox 1470 2794 1657 2862; x_wconf 85' lang='lat' dir='ltr'>habet,</span> <span class='ocrx_word' id='word_1_157' title='bbox 1709 2795 1914 2867; x_wconf 81' lang='lat' dir='ltr'>singula</span> <span class='ocrx_word' id='word_1_158' title='bbox 1947 2796 2056 2866; x_wconf 86' lang='lat' dir='ltr'>ejus</span> 
     </span>
     <span class='ocr_line' id='line_1_22' title="bbox 242 2879 2056 2953; baseline -0.002 -20"><span class='ocrx_word' id='word_1_159' title='bbox 242 2881 550 2948; x_wconf 86' lang='lat' dir='ltr'>individua,</span> <span class='ocrx_word' id='word_1_160' title='bbox 598 2890 659 2931; x_wconf 88' lang='lat' dir='ltr'>ut</span> <span class='ocrx_word' id='word_1_161' title='bbox 705 2890 882 2932; x_wconf 83' lang='lat' dir='ltr'>tamen</span> <span class='ocrx_word' id='word_1_162' title='bbox 924 2879 1070 2931; x_wconf 88' lang='lat' dir='ltr'>nosci</span> <span class='ocrx_word' id='word_1_163' title='bbox 1117 2891 1340 2953; x_wconf 82' lang='lat' dir='ltr'>queant,</span> <span class='ocrx_word' id='word_1_164' title='bbox 1388 2900 1581 2931; x_wconf 90' lang='lat' dir='ltr'>nomen</span> <span class='ocrx_word' id='word_1_165' title='bbox 1617 2879 1812 2931; x_wconf 81' lang='lat' dir='ltr'>hahere</span> <span class='ocrx_word' id='word_1_166' title='bbox 1850 2881 2056 2932; x_wconf 87' lang='lat' dir='ltr'>debent.</span> 
     </span>
     <span class='ocr_line' id='line_1_23' title="bbox 243 2965 2057 3050; baseline -0.001 -21"><span class='ocrx_word' id='word_1_167' title='bbox 243 2979 333 3029; x_wconf 81' lang='lat' dir='ltr'>Sic</span> <span class='ocrx_word' id='word_1_168' title='bbox 375 2977 752 3030; x_wconf 84' lang='lat' dir='ltr'>oculatissimus</span> <span class='ocrx_word' id='word_1_169' title='bbox 787 2988 835 3029; x_wconf 90' lang='lat' dir='ltr'>et</span> <span class='ocrx_word' id='word_1_170' title='bbox 877 2976 1260 3050; x_wconf 81' lang='lat' dir='ltr'>expertissimus</span> <span class='ocrx_word' id='word_1_171' title='bbox 1314 2965 1836 3047; x_wconf 78' lang='lat' dir='ltr'><em>JACQUINJUS‚</em></span> <span class='ocrx_word' id='word_1_172' title='bbox 1887 2976 2057 3029; x_wconf 81' lang='lat' dir='ltr'>Bota-</span> 
     </span>
     <span class='ocr_line' id='line_1_24' title="bbox 227 3062 2054 3133; baseline -0.002 -16"><span class='ocrx_word' id='word_1_173' title='bbox 227 3067 400 3118; x_wconf 81' lang='lat' dir='ltr'>.m&#39;cae</span> <span class='ocrx_word' id='word_1_174' title='bbox 435 3065 657 3117; x_wconf 77' lang='lat' dir='ltr'>multum</span> <span class='ocrx_word' id='word_1_175' title='bbox 692 3077 938 3117; x_wconf 78' lang='lat' dir='ltr'>versutas</span> <span class='ocrx_word' id='word_1_176' title='bbox 981 3064 1282 3133; x_wconf 65' lang='lat' dir='ltr'>Odys-reas,</span> <span class='ocrx_word' id='word_1_177' title='bbox 1332 3063 1627 3131; x_wconf 64' lang='lat' dir='ltr'>sequentia,</span> <span class='ocrx_word' id='word_1_178' title='bbox 1652 3081 1819 3114; x_wconf 80' lang='lat' dir='ltr'>aureo</span> <span class='ocrx_word' id='word_1_179' title='bbox 1865 3062 2054 3131; x_wconf 81' lang='lat' dir='ltr'>lapillo</span> 
     </span>
     <span class='ocr_line' id='line_1_25' title="bbox 243 3142 2056 3217; baseline -0.003 -16"><span class='ocrx_word' id='word_1_180' title='bbox 243 3151 485 3202; x_wconf 79' lang='lat' dir='ltr'>notanda</span> <span class='ocrx_word' id='word_1_181' title='bbox 519 3150 685 3202; x_wconf 83' lang='lat' dir='ltr'>verba</span> <span class='ocrx_word' id='word_1_182' title='bbox 721 3151 776 3200; x_wconf 85' lang='lat' dir='ltr'>in</span> <span class='ocrx_word' id='word_1_183' title='bbox 809 3150 1068 3201; x_wconf 80' lang='lat' dir='ltr'>Aastriae</span> <span class='ocrx_word' id='word_1_184' title='bbox 1085 3147 1332 3217; x_wconf 81' lang='lat' dir='ltr'>flora,</span> <span class='ocrx_word' id='word_1_185' title='bbox 1382 3165 1574 3198; x_wconf 82' lang='lat' dir='ltr'>revera</span> <span class='ocrx_word' id='word_1_186' title='bbox 1618 3142 1906 3216; x_wconf 70' lang='lat' dir='ltr'>magnffico</span> <span class='ocrx_word' id='word_1_187' title='bbox 1942 3145 2056 3196; x_wconf 79' lang='lat' dir='ltr'>Aa·</span> 
     </span>
     <span class='ocr_line' id='line_1_26' title="bbox 244 3228 2050 3303; baseline -0.003 -17"><span class='ocrx_word' id='word_1_188' title='bbox 244 3240 411 3287; x_wconf 77' lang='lat' dir='ltr'>striae</span> <span class='ocrx_word' id='word_1_189' title='bbox 421 3231 502 3303; x_wconf 87' lang='lat' dir='ltr'>fl</span> <span class='ocrx_word' id='word_1_190' title='bbox 511 3255 541 3286; x_wconf 92' lang='grc' dir='ltr'><em>ο</em></span> <span class='ocrx_word' id='word_1_191' title='bbox 560 3254 666 3300; x_wconf 84' lang='lat' dir='ltr'>re,</span> <span class='ocrx_word' id='word_1_192' title='bbox 705 3244 763 3285; x_wconf 78' lang='lat' dir='ltr'>ut</span> <span class='ocrx_word' id='word_1_193' title='bbox 795 3252 948 3285; x_wconf 83' lang='lat' dir='ltr'>omne</span> <span class='ocrx_word' id='word_1_194' title='bbox 971 3253 1123 3286; x_wconf 82' lang='lat' dir='ltr'>saum</span> <span class='ocrx_word' id='word_1_195' title='bbox 1135 3270 1153 3299; x_wconf 79' lang='lat'>,</span> <span class='ocrx_word' id='word_1_196' title='bbox 1193 3228 1468 3302; x_wconf 80' lang='lat' dir='ltr'>quodfert</span> <span class='ocrx_word' id='word_1_197' title='bbox 1495 3233 1801 3285; x_wconf 77' lang='lat' dir='ltr'>venerabile</span> <span class='ocrx_word' id='word_1_198' title='bbox 1825 3249 2016 3285; x_wconf 82' lang='lat' dir='ltr'>nomen</span> <span class='ocrx_word' id='word_1_199' title='bbox 2030 3269 2050 3296; x_wconf 85' lang='lat'>‚</span> 
     </span>
    </p>
   </div>
   <div class='ocr_carea' id='block_1_5' title="bbox 250 3313 1632 3389">
    <p class='ocr_par' dir='ltr' id='par_1_6' title="bbox 250 3313 1632 3389">
     <span class='ocr_line' id='line_1_27' title="bbox 250 3313 1632 3389; baseline -0.004 -17"><span class='ocrx_word' id='word_1_200' title='bbox 250 3321 314 3372; x_wconf 84' lang='lat' dir='ltr'>de</span> <span class='ocrx_word' id='word_1_201' title='bbox 348 3320 702 3374; x_wconf 72' lang='lat' dir='ltr'>convallaria</span> <span class='ocrx_word' id='word_1_202' title='bbox 730 3317 966 3389; x_wconf 66' lang='lat' dir='ltr'>Iatffolia</span> <span class='ocrx_word' id='word_1_203' title='bbox 981 3318 1148 3381; x_wconf 83' lang='lat' dir='ltr'>(Tab.</span> <span class='ocrx_word' id='word_1_204' title='bbox 1175 3315 1308 3377; x_wconf 71' lang='lat'>252)</span> <span class='ocrx_word' id='word_1_205' title='bbox 1339 3313 1555 3388; x_wconf 87' lang='lat' dir='ltr'>profert.</span> <span class='ocrx_word' id='word_1_206' title='bbox 1627 3340 1632 3344; x_wconf 55' lang='grc'><strong><em>’</em></strong></span> 
     </span>
    </p>
   </div>
  </div>
 </body>
</html>
