2127 3775
1797 210 1861 258 15

235 402 282 461 §.
324 395 376 452 5.
428 392 829 452 Historiae
858 389 1246 450 naturalis
1290 388 1689 450 definitio·

205 546 494 616 Scientia‚
539 566 693 626 quae
723 556 995 602 versatur
1036 542 1098 600 in
1133 540 1442 620 productis
1479 553 1728 599 naturae
1775 562 1865 599 se-

53 639 324 700 cundum
367 663 577 700 eorum
625 639 996 699 identitatem
1048 635 1532 712 (Einerleiheit)‚
1595 637 1867 714 homoge-

56 740 336 795 neitatem
369 731 920 812 (Gleichartigkeit)
958 744 1017 789 et
1039 731 1483 790 similitudinem
1515 728 1869 803 (Aelmlich-

52 829 204 907 keit)
249 853 361 911 pro
419 831 650 888 ratione
699 829 1150 907 proprietatum
1203 835 1396 882 status
1446 830 1764 906 primigeni
1814 839 1873 886 ec

53 930 348 984 immutati
379 923 819 1004 comparandiS‚
864 921 1102 1003 illisque
1131 920 1463 979 secundum
1493 922 1652 980 ideas
1682 935 1739 980 et
1768 944 1872 979 no-

56 1023 242 1080 tiones
287 1043 356 1079 ex
386 1020 488 1078 illa
522 1020 966 1101 comparatione
1006 1016 1294 1075 deductas
1323 1016 1385 1075 in
1420 1015 1688 1076 ordinem
1714 1016 1873 1075 redi-

50 1115 290 1195 gendi'5‚
348 1113 839 1186 denominandis,
892 1110 1302 1174 discernendis
1349 1132 1459 1169 nec
1496 1132 1619 1168 non
1666 1132 1870 1168 earum

51 1210 411 1290 imaginibus
441 1259 455 1283 ,
531 1215 678 1291 quin
707 1214 826 1269 sint
881 1231 1114 1280 coram,
1158 1205 1530 1279 revocandi5‚
1572 1206 1742 1265 audit
1782 1207 1873 1264 Izi-

50 1311 232 1366 storia
274 1306 584 1364 mzturalis.

189 1400 338 1450 Hanc
385 1419 511 1470 ergo
566 1399 928 1451 definitionem
977 1398 1196 1451 historia
1245 1397 1502 1449 naturalis
1552 1399 1757 1470 assequi
1810 1418 1872 1449 ac

56 1489 263 1560 explere
305 1485 519 1536 debebit
561 1495 715 1558 atque
759 1495 1027 1538 construet
1068 1504 1173 1535 sese
1213 1493 1263 1535 et
1303 1483 1504 1535 evolvet
1546 1481 1603 1532 in
1642 1483 1878 1555 quinque

55 1573 349 1646 capitibus:
394 1570 832 1640 Terminologia,
872 1589 1006 1643 quae
1044 1569 1375 1640 objectorum
1417 1577 1603 1619 tractat
1643 1568 1878 1640 proprie-

51 1669 207 1724 tates3
247 1661 641 1726 Syslematica,
690 1676 824 1730 quae
856 1676 952 1728 per
993 1655 1323 1727 objectorum
1366 1653 1658 1704 secundum
1695 1673 1879 1704 eorum

54 1745 397 1815 proprietates
444 1745 736 1796 institutam
776 1741 1225 1814 comparationem
1265 1738 1406 1788 ideas
1442 1737 1689 1808 producit
1703 1756 1719 1803 3
1772 1740 1881 1790 No-

52 1830 421 1897 menclalura,
483 1849 617 1902 quae
662 1829 773 1879 illas
813 1827 954 1897 ideas
995 1825 1297 1877 denominat
1312 1843 1327 1890 3
1386 1822 1878 1890 Characterislica‚

52 1934 185 1988 quae
214 1935 310 1987 per
333 1916 572 1967 notiones
616 1915 818 1986 objecta
851 1912 1060 1985 singula
1098 1909 1410 1962 determinat
1438 1908 1616 1958 locum
1649 1906 1774 1979 ipsis
1805 1927 1878 1957 as-

53 2000 300 2071 signans,
332 2011 381 2052 et
427 2000 898 2069 Physz'ographia‚
936 2017 1071 2070 quae
1116 2006 1165 2048 et
1196 1994 1495 2046 absentium
1523 2003 1698 2044 movet
1737 1993 1878 2043 ideas

54 2104 148 2157 per
190 2085 612 2157 descriptionem.
662 2084 720 2134 In
757 2083 837 2134 his
870 2080 1170 2135 evolvendis
1209 2079 1471 2152 capitibus
1512 2079 1672 2130 unice
1716 2078 1882 2129 consi-

53 2168 140 2220 stit
184 2166 401 2218 historia
445 2167 699 2220 naturalis
726 2204 748 2235 ,-
795 2168 884 2218 sed
928 2167 984 2217 in
1028 2165 1307 2232 omnibus,
1361 2165 1488 2216 hinc
1532 2164 1723 2231 etiam,
1776 2183 1879 2236 qua

54 2256 163 2323 ejus
186 2263 357 2325 partes
384 2257 718 2324 integritates
745 2253 779 2304 i.
812 2273 855 2303 e.
886 2252 1246 2323 integritatem
1277 2251 1625 2323 producentes
1667 2259 1717 2299 et
1758 2267 1877 2298 con-

56 2349 313 2391 servantes
344 2338 778 2409 contemplandae
815 2346 950 2387 sunt.

571 2539 715 2604 §.6‚
788 2535 1370 2594 Botanica.

213 2689 368 2747 Cum
404 2685 688 2746 Botanica
729 2687 898 2761 sit'et
936 2706 1059 2745 esse
1102 2684 1344 2744 debeat:
1402 2683 1659 2740 Historia
1701 2692 1878 2742 natu-

60 2783 204 2843 ralis
255 2787 431 2863 regni
472 2780 808 2862 vegetabilis
835 2826 849 2852 ,
913 2780 1047 2861 ejus
1090 2780 1360 2839 definitio
1414 2778 1664 2847 eadem,
1729 2798 1882 2857 quae

62 2879 338 2959 superior
381 2876 458 2954 (§.
505 2876 619 2957 5.)‚
677 2876 971 2959 producta
1016 2889 1268 2936 naturae
1312 2874 1656 2955 plantarum
1698 2872 1883 2931 verbo

59 2972 463 3054 exprimendo·

194 3067 252 3117 Si
281 3066 532 3118 Botanica
572 3070 654 3120 est'
697 3067 914 3120 historia
969 3065 1221 3118 naturalis
1261 3066 1595 3137 plantarum,
1633 3080 1741 3113 non
1782 3061 1878 3112 mi-

56 3174 154 3206 nus
164 3152 361 3204 habere
381 3152 533 3204 debet
548 3172 697 3204 suam
720 3152 1177 3222 Termz'nologiam
1196 3148 1544 3221 (Glossologie
1561 3147 1654 3200 De
1663 3149 1876 3211 θωπί),

58 3240 474 3309 Systematicam
491 3238 845 3298 (Taxonomie
864 3237 954 3290 De
977 3237 1172 3297 Cand.)
1208 3234 1707 3298 Nomenclaturam,
1744 3230 1880 3285 Cha-

60 3323 452 3377 racteristicam
480 3333 529 3375 et
546 3323 1038 3392 Phys-zographiam
1066 3317 1483 3392 (Phytographie
1505 3317 1594 3371 De
1619 3318 1829 3371 Canem.
