2127 3775
1843 266 1906 315 57

95 463 134 526 §.
174 456 268 516 36.
309 456 937 518 Nomenclatura
980 475 1263 514 nexum
1305 452 1712 512 unitatum
1755 471 1917 530 pcr-

91 549 295 611 fecte
338 554 657 612 nonnisi
699 577 835 634 per
879 550 1588 612 denominationem
1633 545 1919 627 speciei

619 651 1060 730 exprimere
1102 659 1389 729 potest.

252 801 752 861 Nomenclaturae
783 824 922 860 cum
957 802 1034 860 sit
1063 800 1349 872 intenti0,
1393 819 1516 857 non
1544 807 1810 856 tantum,
1856 804 1924 849 ut

91 897 426 957 detzominel
472 901 729 957 unitates
765 899 1201 980 systematicaS,
1262 893 1367 953 sed
1409 892 1591 951 simul
1624 892 1923 968 exprimat

90 1015 314 1051 nexum
342 995 501 1052 inter
532 995 664 1051 illas
693 995 971 1065 unitates,
1016 992 1199 1051 talem
1231 989 1498 1048 indolem
1534 984 1813 1064 exposcit,
1858 994 1928 1039 ut

93 1110 305 1146 nomen
331 1088 587 1167 simplex
606 1113 628 1167 1
643 1103 907 1169 ungatur
933 1089 1041 1147 uni
1063 1087 1158 1145 vel
1184 1085 1358 1144 alteri
1383 1085 1763 1164 superiorum
1792 1077 1927 1135 uni-

93 1195 308 1254 tatum,
352 1185 746 1262 inferioribus
778 1206 1000 1242 nomen
1028 1185 1451 1261 conzpositzcm3
1495 1192 1566 1237 ut
1591 1188 1792 1234 autem
1821 1193 1931 1252 per

96 1276 626 1339 denominationem
654 1282 687 1338 i.
730 1304 776 1339 e.
808 1303 918 1361 per
946 1301 1167 1338 nomen
1196 1299 1334 1336 cum
1367 1275 1665 1357 adjectivo
1694 1288 1934 1348 semper

92 1375 208 1431 ima
245 1376 620 1454 systematica
656 1377 884 1446 unitaS‚
928 1377 1026 1433 hic
1062 1396 1202 1454 ergo
1234 1376 1452 1454 speeies
1484 1369 1853 1448 designetur.

259 1501 407 1572 Quae
444 1512 622 1553 autem
658 1503 927 1555 unitatum
959 1523 1062 1576 qua
1100 1521 1306 1554 summa
1347 1498 1780 1551 nomenclaturae
1814 1492 1934 1542 sim-

90 1586 227 1658 plice
263 1588 480 1638 nomine
508 1586 875 1661 designanda?
929 1589 1345 1641 Nomenclatura
1374 1582 1623 1657 proprie,
1676 1589 1935 1654 quantum

89 1683 290 1745 potest,
340 1673 588 1745 exprimit
618 1673 1023 1724 similitudinem
1057 1669 1628 1744 physicohistoricam,
1679 1664 1937 1739 quamdiu

94 1777 219 1807 cum
252 1759 531 1808 commodo
573 1758 822 1809 scientiae
862 1768 911 1809 et
942 1758 1054 1809 sine
1087 1757 1266 1808 multis
1305 1754 1659 1807 incommodis
1689 1768 1937 1823 superan-

93 1842 170 1892 dis
198 1854 463 1914 praestare
490 1844 545 1895 id
571 1844 777 1917 poterit.
817 1843 910 1894 Uti
934 1845 1042 1912 jam
1073 1842 1281 1913 saepius
1307 1839 1636 1905 monuimUS,
1674 1847 1724 1889 et
1752 1835 1873 1901 hic,
1910 1852 1939 1883 a

92 1927 279 2000 priori,
306 1939 433 2001 quot
461 1930 794 2000 systematica
817 1928 882 1980 sit
904 1927 1176 1999 prolatura
1194 1927 1482 1993 unitatum,
1509 1921 1804 1998 praesagiri
1830 1938 1938 1970 non

93 2026 290 2088 potest,
339 2028 517 2068 tamen
554 2016 860 2069 verosimile
895 2034 1063 2080 supra
1099 2016 1329 2083 speciem
1359 2013 1552 2083 plures
1590 2010 1825 2059 unitates
1865 2006 1941 2056 Io-

96 2123 216 2156 cum
257 2102 567 2168 habituras,
620 2121 755 2174 quae
794 2121 996 2172 genus,
1045 2100 1204 2164 ordo,
1256 2116 1300 2147 e.
1346 2117 1388 2150 s,
1423 2117 1474 2169 p.
1521 2102 1691 2146 essent
1718 2124 1785 2132 -—
1815 2109 1941 2163 quo-

95 2188 253 2239 modo
282 2186 413 2238 haec
444 2206 572 2259 ergo
601 2187 1097 2251 denominaremus,
1135 2183 1429 2235 videamus.
1469 2179 1731 2231 Classium
1758 2195 1942 2228 nume-

97 2292 188 2323 rus
216 2291 425 2344 semper
450 2281 525 2322 est
551 2271 838 2338 minimus,
879 2268 1240 2321 similitudinis
1265 2267 1450 2319 eodem
1477 2276 1712 2338 tempore
1744 2262 1942 2336 gradus

95 2359 203 2429 jam
235 2367 311 2408 sat
341 2377 555 2429 parvus.
605 2355 816 2428 Species
854 2355 912 2405 in
949 2356 1108 2406 classe
1148 2354 1360 2426 plures,
1406 2371 1568 2424 quam
1599 2351 1655 2401 in
1693 2347 1943 2401 omnihus

100 2442 318 2494 caeteris
347 2443 675 2510 unitatibus,
727 2442 852 2494 hinc
882 2460 1017 2513 quae
1053 2439 1360 2491 monotonia
1389 2438 1512 2489 inde
1544 2437 1777 2501 orietur,
1816 2452 1942 2506 qua-

101 2529 178 2580 vis
223 2549 407 2579 earum
445 2529 620 2581 classis
658 2548 854 2581 nomen
893 2523 1133 2579 serente?
1186 2525 1314 2577 hinc
1352 2524 1528 2577 classis
1564 2522 1754 2574 melius
1796 2531 1945 2572 mula

103 2615 371 2680 manebit,
412 2623 459 2663 et
491 2615 728 2685 quaestio
756 2614 821 2663 ad
854 2614 1096 2664 ordinem
1130 2611 1333 2664 transit.

269 2698 525 2750 Botanica
562 2699 842 2772 hucusque
876 2697 1093 2771 quidem
1131 2696 1343 2769 penitus
1387 2696 1630 2749 ordinem
1668 2692 1946 2745 nominare

106 2785 367 2857 neglexit,
414 2804 483 2836 an
515 2804 638 2834 cum
667 2785 816 2854 jure,
853 2803 952 2835 nec
981 2779 1092 2834 ne?
1142 2783 1347 2834 Verum
1378 2782 1594 2856 quidem
1629 2791 1734 2846 est,
1786 2789 1836 2831 et
1865 2799 1944 2831 or-

109 2872 289 2923 dinem
316 2881 392 2922 sat
422 2870 613 2922 multas
639 2889 791 2941 saepe
815 2869 1084 2921 continere
1107 2889 1256 2942 posse
1282 2869 1498 2942 species,
1536 2887 1767 2941 quarum
1793 2885 1948 2939 quae-

111 2957 188 3009 vis
218 2967 425 3029 praeter
450 2956 531 3008 sui
557 2956 767 3029 generis
798 2955 920 3006 dein
945 2976 1139 3007 nomen
1168 2975 1432 3029 suumque
1459 2952 1768 3028 specificum
1793 2963 1842 3005 et
1868 2972 1947 3005 or-

114 3044 250 3096 dinis
280 3042 438 3095 serret
464 3053 512 3094 et
539 3043 753 3094 nomina
780 3041 1047 3093 hodiernis
1086 3051 1254 3093 essent
1287 3040 1548 3114 longiora.
1585 3042 1688 3091 Sed
1718 3040 1847 3090 ordo
1875 3049 1948 3090 est

117 3129 274 3181 nimis
317 3137 641 3180 momentosa
688 3128 895 3195 unitas,
948 3129 1163 3202 ejusque
1203 3128 1361 3180 simul
1402 3129 1677 3196 expressio
1715 3126 1949 3180 verbalis

116 3215 345 3267 nimium
375 3215 510 3267 lucis
535 3224 585 3266 et
610 3218 830 3267 intuitus
856 3214 1288 3288 (Auschauung)
1319 3213 1511 3288 speciei
1539 3210 1754 3286 profert,
1790 3231 1948 3284 quam

120 3313 176 3354 ut
202 3303 289 3353 illa
318 3302 374 3352 in
398 3301 785 3353 denominanda
816 3311 1191 3375 praetereatur.
1230 3301 1437 3353 Nomen
1465 3299 1693 3367 simplex
1715 3295 1841 3348 hine
1868 3315 1947 3346 ca-

125 3389 209 3440 dat
235 3388 289 3442 in
315 3389 554 3441 ordinem
586 3419 650 3428 —-
679 3408 741 3440 ex
768 3387 1015 3442 historiae
1046 3397 1224 3441 autem
1261 3385 1515 3441 naturalis
1552 3381 1829 3459 principiis
1859 3400 1946 3433 no-
