2127 3775
1841 191 1902 240 81

487 442 862 509 CAPUT
911 434 1510 531 QUINTUM.

705 602 1287 691 Physiographia.

164 764 625 816 Adnmbrationes
662 764 981 831 plantarum
1019 760 1353 828 cognitiones
1391 754 1664 807 claudant.
1703 751 1830 804 Lin.

404 909 445 972 §.
493 902 586 960 54.
625 900 859 961 Notio
898 891 1620 980 physiographiae.

234 1036 721 1118 Plirsiograplzia
755 1048 845 1095 est
862 1032 1018 1093 illud
1049 1042 1232 1112 caput
1266 1026 1553 1086 historiae
1583 1024 1878 1083 naturalis
1897 1072 1911 1098 ‚

76 1132 241 1214 quod
293 1132 454 1192 ideas
518 1136 855 1213 systematis
911 1132 1212 1189 intuitivas
1256 1122 1479 1183 verbali
1537 1123 1915 1202 expressione

78 1233 421 1310 conjungit,
453 1229 753 1313 cujusque
780 1250 1004 1288 munus
1029 1273 1042 1299 ,
1089 1237 1148 1283 et
1189 1222 1338 1306 quin
1367 1217 1605 1298 objecta
1638 1216 1913 1275 idearum

74 1323 303 1397 adsint,
347 1326 478 1384 illas
514 1338 718 1384 tamen
748 1321 1134 1406 provocandi.

215 1457 288 1510 Ut
334 1468 512 1509 autem
550 1458 605 1508 id
648 1458 898 1530 possibile
938 1458 1034 1523 sit,
1087 1472 1270 1506 omnes
1308 1449 1581 1524 qualitates
1614 1445 1913 1518 exprimere

71 1542 173 1593 erit
211 1561 422 1593 necesse
452 1543 487 1592 i.
531 1560 574 1593 e.
623 1543 890 1611 objectam
938 1541 1244 1593 describere
1283 1548 1332 1589 et
1379 1534 1802 1608 Physiographia
1841 1543 1916 1585 est

75 1630 363 1697 descriptio
391 1639 655 1694 naturae,
703 1628 950 1680 Linnaei
982 1627 1342 1678 adumbratio.
1391 1623 1656 1675 Historiae
1699 1633 1914 1674 natura·

70 1713 134 1764 lis
161 1712 518 1784 integrantem
546 1712 766 1764 omnino
808 1722 1013 1785 partem
1070 1711 1282 1777 sistens,
1335 1709 1424 1759 sed
1471 1729 1782 1783 nunquam,
1831 1708 1915 1759 uli

71 1798 375 1871 saepissime
415 1797 647 1867 sactum,
687 1819 811 1850 cum
842 1799 930 1849 illa
965 1797 1414 1850 commutandam.
1453 1793 1627 1846 Unice
1656 1815 1752 1867 per
1780 1793 1915 1866 Phy-

74 1880 439 1953 siographiam
476 1892 756 1948 exsertae,
810 1882 1006 1951 largae
1044 1891 1094 1932 et
1132 1877 1414 1952 perfectae
1456 1884 1795 1950 cognitiones
1831 1898 1915 1929 ae-

77 1967 222 2040 quiri
245 1976 497 2039 possunt,
538 1977 588 2018 et
613 1967 830 2040 quidem
875 1976 951 2018 sat
982 1967 1085 2018 cito
1128 1965 1350 2018 et‘facili
1390 1965 1578 2033 modo,
1633 1966 1759 2016 dum
1803 1966 1913 2016 lon-

73 2073 204 2125 gum
250 2063 302 2104 et
338 2051 554 2102 difficile
598 2052 698 2104 iter
738 2073 835 2125 per
871 2052 1234 2103 immediatam
1270 2050 1656 2123 productorum
1692 2061 1913 2102 naturae

73 2137 569 2209 contemplationem
593 2148 641 2190 et
672 2138 1097 2211 disquisitionem
1125 2136 1159 2187 i.
1187 2156 1230 2187 e.
1261 2156 1357 2208 per
1380 2138 1912 2191 Characteristicam.

74 2224 220 2275 Haec
247 2224 390 2274 enim
421 2223 635 2274 nonnisi
661 2224 718 2275 in
743 2223 966 2295 singulis
989 2221 1366 2295 progreditur,
1405 2242 1519 2274 rem
1549 2223 1762 2274 nonnisi
1789 2243 1910 2274 eum

74 2309 296 2382 singulis
330 2310 651 2379 individuis,-
690 2311 779 2361 illa
813 2310 1201 2376 determinans,
1240 2307 1475 2376 habens,
1522 2307 1683 2376 hinc,
1720 2319 1781 2360 ut
1817 2328 1912 2381 per

74 2394 574 2448 Characteristicam
618 2399 741 2449 idea
771 2398 973 2464 speciei
1008 2397 1258 2445 intuitiva
1293 2403 1597 2462 moveatur,
1649 2395 1909 2467 permulta

73 2482 352 2533 individua
375 2482 749 2534 determinasse
781 2490 830 2532 et
855 2499 951 2552 per
981 2497 1168 2530 eorum
1189 2479 1552 2532 immediatam
1591 2480 1908 2553 contempla-

74 2568 272 2619 tionem
292 2568 580 2640 quaesitam
596 2568 769 2619 ideam
787 2587 959 2640 neque
977 2567 1105 2618 dum
1121 2567 1427 2640 perfectam,
1445 2568 1739 2640 producere
1758 2587 1909 2640 expe-

79 2653 228 2705 titur.
260 2654 401 2705 Hinc
435 2673 591 2705 verus
619 2652 1069 2725 physiographiae
1088 2673 1214 2704 usus
1246 2653 1480 2706 consistit
1498 2655 1553 2705 in
1586 2674 1663 2720 eo,
1691 2664 1749 2705 ut
1774 2664 1909 2726 post-

76 2758 235 2811 quam
260 2759 354 2811 per
401 2739 899 2791 Characteristicam
932 2740 1210 2812 cujusdam
1253 2739 1519 2794 individui
1561 2739 1909 2792 denominati·

76 2844 231 2875 onem
256 2845 383 2898 ergo
414 2826 642 2897 speciem
676 2825 981 2876 invenimus
1000 2862 1015 2891 ,
1067 2826 1209 2877 illius
1251 2825 1445 2898 speciei
1474 2845 1569 2898 per
1595 2825 1909 2900 physiogran

77 2909 258 2981 phiam
284 2911 432 2963 ideae
458 2912 739 2964 intuitivae
766 2911 1050 2983 participes
1078 2911 1381 2964 reddamur.

307 3098 347 3162 §-
395 3092 485 3152 55.
529 3093 949 3173 Objectum
992 3094 1693 3176 Physiographiae.

240 3228 397 3287 Cum
444 3227 766 3310 descriptio
823 3231 899 3288 sit
939 3234 1310 3290 enumeratio
1346 3235 1609 3291 omnium
1644 3229 1905 3313 quatiar„

89 3333 231 3394 tzcnz,
266 3345 414 3404 quas
459 3325 705 3385 scientia
740 3325 1215 3405 contemplatur,
1259 3325 1677 3385 immediatum
1700 3327 1906 3408 objec-

1527 3421 1562 3472 6
