2127 3775
191 3308 245 3515 Discus
185 3034 261 3289 pallidus>
184 2768 257 3002 pilorum
179 2517 233 2739 s³⁸GiCU·
187 2262 242 2468 Discus
185 1988 260 2245 pallidus,
182 1717 257 1952 pilorum
179 1469 234 1687 fascicu·
179 1211 234 1421 Discus
178 953 253 1187 pilorum
178 660 230 921 fasciculis
187 426 232 624 satura·

276 3387 327 3451 lis
274 3056 348 3361 purpureis.
273 2340 324 2402 lis
271 2006 346 2309 purpureis.
266 1263 333 1352 tis>
264 981 317 1222 coloratis
266 636 338 958 variegatus.

361 3280 417 3519 Lacinia
360 2935 415 3253 intermedie!
355 2746 425 2918 mida,
376 2670 407 2712 C·
374 2520 408 2635 mu·
359 2330 415 2473 Lac.
361 1967 413 2287 intermedia
356 1751 424 1923 Qfida,
375 1633 408 1677 c.
373 1470 406 1586 mu·
352 1281 406 1422 Lac.
354 933 404 1250 intermedia
350 776 403 914 Qfida
389 741 419 756 ‚
371 665 402 707 c.
368 425 402 632 mucro·

429 2504 446 2523 Ι

467 3288 500 3451 crone
447 2964 518 3256 interjecto.
466 2243 498 2402 crone
446 1920 518 2213 interjecto.
459 1288 490 1354 ne
438 968 510 1259 interjecto.

535 3380 591 3523 Lac.
534 3090 588 3352 laterales
533 2829 584 3067 lineare&
534 2327 588 2472 Lac.
532 2038 586 2298 laterales
530 1765 582 2008 lineares.
525 1277 580 1423 Lac.
525 989 577 1249 laterales
523 749 574 972 lineares
522 424 593 730 (oblongae,

617 1000 684 1352 angustatae).
641 805 646 810 ·

705 3231 761 3519 Labssllllm
723 3035 778 3188 saepe
704 2819 760 2994 evadit
705 2644 757 2776 illud
704 2519 763 2600 ffi-
705 2175 760 2470 Labellam
721 1993 776 2143 saepe
701 1770 755 1947 evadit
700 1591 753 1725 illud
698 1468 755 1548 fu·
698 1126 752 1421 Labellam
713 944 768 1097 saepe
693 742 747 914 evadit
694 568 745 701 illud
693 422 745 518 mi·

811 3320 845 3455 scae.
810 2266 843 2400 scae,
784 1171 836 1354 litaris.

946 3122 999 3359 partium
947 2772 1020 3089 genitalium
947 2544 1022 2740 cuique
947 2293 998 2515 eandem
945 2053 998 2267 nonnisi
944 1611 1019 2024 descriptionem
941 1384 994 1578 addere
938 993 992 1358 debuissemus
973 959 1004 975 ,
934 592 987 919 differentiae
933 422 985 564 enim

1033 3385 1087 3525 inter
1032 3240 1086 3354 illas
1034 3022 1086 3216 nullae.
1065 2921 1078 2992 -

1242 2985 1303 3034 §.
1235 2843 1294 2935 23.
1235 2693 1295 2798 De
1231 2277 1294 2653 methodo
1232 1595 1294 2235 Kfilreuteriana
1240 1477 1290 1552 et
1226 1346 1289 1436 de
1222 911 1308 1305 hybridis.

1369 2988 1450 3361 Quanquam
1371 2677 1429 2960 omnibus
1383 2486 1444 2656 nota,
1383 2238 1428 2439 tamen
1369 2025 1427 2206 nimis
1380 1762 1427 1990 attento
1366 1527 1425 1729 animo
1364 1307 1444 1489 digna
1374 1183 1422 1271 est
1361 802 1421 1153 Kolrenteri
1354 456 1416 780 methodus
1400 422 1424 434 ,

1461 3145 1534 3526 ostendendi,
1485 2958 1545 3114 quae
1464 2853 1523 2929 ad
1488 2632 1524 2816 unam
1467 2337 1547 2596 speciem
1466 1961 1547 2310 pertineant
1464 1671 1545 1934 plantae,
1484 1448 1544 1630 quam
1481 1275 1541 1428 quae
1481 1212 1516 1243 a
1457 1006 1516 1183 nobis
1454 610 1532 970 negligatur.
1452 417 1508 574 Con-

1551 3367 1651 3597 o4tsistit
1581 3117 1639 3338 nempe
1560 3015 1617 3078 in
1583 2909 1620 2978 eo
1608 2872 1632 2885 ‚
1575 2756 1620 2826 ut
1561 2331 1621 2718 individuum
1561 1988 1645 2295 quoddam
1582 1849 1642 1960 per
1558 1447 1640 1797 proximum
1556 1316 1614 1409 vel
1555 1062 1611 1272 saltem
1575 893 1610 1014 non
1548 665 1607 842 nimis
1565 417 1603 615 remo-

1669 3394 1716 3525 tum
1657 3270 1715 3364 sui
1668 3125 1714 3230 aut
1657 2923 1715 3076 alius
1658 2657 1737 2894 generis
1657 2207 1722 2634 foecundetur.
1661 2099 1718 2159 Si
1680 1862 1718 2066 semen
1655 1691 1715 1833 inde
1655 1459 1714 1663 fertile
1650 1188 1733 1429 prodit,
1650 1050 1708 1151 illa
1648 891 1706 1012 duo
1640 551 1703 863 individua
1637 418 1696 494 ad

1773 3341 1812 3527 unam
1751 3045 1834 3306 speciem
1754 2591 1833 3003 pertinerent,
1753 2291 1838 2533 quando
1754 2006 1815 2258 tertium
1753 1829 1815 1973 inde
1751 1499 1835 1786 prodiens
1746 1078 1809 1464 individuum
1742 760 1804 1032 medium
1738 559 1797 719 inter
1757 418 1815 524 pa-

1860 3373 1912 3529 trem
1860 3286 1910 3347 et
1861 2993 1909 3255 matrem
1849 2690 1909 2961 evaserit.

1896 290 1964 342 35
