2127 3775
1849 220 1895 257 xl

73 330 457 411 plicationem
485 332 725 392 illorum
752 331 1187 412 principiorum
1215 332 1529 390 instituere
1549 376 1563 401 ,
1609 330 1890 388 auderem

78 464 423 525 nunquam,
478 444 712 502 nonnisi
747 444 807 501 in
844 444 1038 501 animo
1069 442 1291 514 habui,
1337 442 1681 502 ostendere:
1724 464 1892 522 posse

77 555 179 614 illa
199 557 482 636 applicari
499 557 816 636 principia,
847 556 987 612 hinc
1017 577 1064 612 e.
1090 577 1140 633 g.
1163 577 1333 634 posse
1353 556 1477 613 sisti
1496 556 1691 622 serie5‚
1722 576 1891 633 posse

75 660 202 725 sisti
236 669 629 749 homogeneas
661 667 891 747 plantas
921 690 969 725 e.
1005 690 1048 723 s.
1083 689 1142 747 p.
1198 665 1329 724 Alia
1356 665 1615 748 denique
1653 666 1893 724 accessit

9 804 11 806 ·
75 780 422 852 difficultas,
475 778 848 860 exprimendi
887 779 947 834 in
988 778 1333 857 peregrina,
1393 799 1546 858 quae
1584 779 1644 834 in
1691 799 1892 834 verna-

73 893 206 951 cula
261 892 503 972 proprie
556 891 807 970 exprimi
867 888 1230 949 debuissent·
1293 888 1460 947 Illam
1515 890 1893 968 simplicitate

72 1007 207 1084 styli
232 1005 422 1061 lenire
453 1002 699 1085 quidem
728 1002 963 1073 studui,
1018 1001 1121 1061 sed
1163 1001 1375 1061 tollere
1405 1023 1524 1060 non
1557 1001 1739 1059 valui.
1790 1003 1892 1058 llis

71 1104 315 1174 tande-m
354 1128 413 1174 et
441 1117 598 1185 aliis,
656 1129 974 1197 postquam
997 1113 1283 1194 finitum
1315 1114 1433 1172 fuit
1473 1134 1654 1193 OPUS,
1712 1133 1894 1194 quam

69 1229 146 1286 sit
183 1251 306 1287 non
333 1227 648 1308 finitum,
706 1228 980 1308 perspexi
1020 1261 1098 1271 -·-
1147 1226 1258 1283 alia
1305 1239 1505 1286 autem
1541 1226 1893 1306 nuperrime

71 1343 380 1401 elaborare
439 1365 560 1400 non
627 1341 1048 1398 concessissent
1102 1339 1616 1413 circumstantiae,
1681 1354 1739 1398 et
1801 1342 1894 1398 in-

71 1459 202 1515 vito
233 1476 328 1512 me
348 1499 362 1524 ,
407 1453 577 1511 valde
617 1458 820 1514 invito
850 1454 1005 1513 liber
1033 1477 1203 1515 meus
1232 1458 1346 1515 ibit
1372 1458 1435 1514 in
1465 1453 1701 1511 urbem.
1745 1453 1895 1509 Hinc

74 1569 422 1649 quicunque
462 1566 574 1624 eris
606 1566 827 1639 lector,
856 1568 931 1625 sis
958 1569 1320 1641 beneVOIUS,
1372 1588 1689 1648 meamque
1731 1563 1897 1621 infir-

71 1681 341 1738 mitatem
373 1701 659 1761 meosque
695 1701 925 1741 errores
959 1680 1242 1740 methodo
1275 1682 1389 1761 ipsi
1422 1679 1777 1746 adscribere,
1820 1698 1897 1733 ne

74 1793 330 1853 somnies
356 1792 592 1850 -illos
635 1807 946 1872 praeterea
991 1793 1226 1852 facilius
1272 1793 1521 1853 evitabit
1562 1789 1897 1861 secundUS,

71 1907 262 1986 hujus
296 1919 503 1966 autem
545 1906 760 1965 tertius
804 1929 851 1965 e.
887 1929 930 1965 s·
961 1929 1017 1987 p.
1080 1908 1139 1965 Si
1185 1907 1502 1987 applicatio
1552 1905 1686 1975 illa,
1745 1923 1898 1984 quae

74 2039 238 2076 nunc
269 2015 464 2089 deest,
517 2018 715 2097 primo
743 2020 891 2077 mihi
919 2018 1043 2098 jam
1075 2020 1245 2077 initio
1278 2019 1424 2077 adeo
1459 2018 1609 2076 mihi
1640 2015 1899 2074 difficilis

75 2132 483 2213 apparuisset,
528 2153 709 2213 quam
749 2155 912 2190 nunc
955 2144 1232 2213 apparet,
1291 2131 1354 2190 in
1394 2131 1568 2210 longe
1607 2129 1781 2187 aliam
1814 2140 1899 2186 to-

75 2257 197 2302 tam
234 2266 364 2302 rem
409 2242 667 2301 formam
721 2244 1082 2324 redegissem
1130 2279 1208 2289 —
1250 2243 1356 2304 sed
1399 2243 1681 2324 primitus
1722 2263 1755 2299 a
1801 2261 1896 2298 me

76 2357 441 2437 praetervisa
479 2357 580 2415 illa
622 2356 975 2428 difficultas,
1031 2356 1170 2438 quia
1208 2356 1385 2414 nimis
1434 2355 1582 2414 mihi
1630 2355 1787 2412 clara
1835 2365 1893 2410 et

76 2469 395 2549 perspicua
423 2469 524 2526 illa
560 2471 857 2550 principia
890 2483 949 2528 et
977 2469 1302 2529 methodus
1350 2468 1555 2540 fuere,
1615 2489 1794 2549 quam
1834 2477 1901 2523 ut

79 2580 397 2638 minimum
444 2582 640 2663 quoad
684 2582 1095 2662 applicationis
1134 2582 1592 2662 possibilitatem
1645 2579 1897 2637 dubium

82 2706 355 2752 exortum
381 2693 610 2752 fuisset.
655 2693 759 2750 Illa
796 2706 996 2755 autem
1028 2717 1098 2753 ex
1128 2695 1324 2753 verbis
1367 2694 1649 2751 historiae
1684 2697 1907 2752 nostrl

83 2811 238 2867 aevi
264 2807 552 2865 naturalis
577 2811 941 2868 inventoris
966 2821 1026 2867 et
1049 2811 1382 2868 creatoris·
1399 2805 1674 2877 addidici,
1703 2806 1803 2876 ita,
1836 2817 1902 2863 ut

84 2923 467 3000 coryphaei
491 2920 681 3002 hujus
713 2920 992 2979 scientiae
1020 2924 1228 2981 verba
1258 2919 1620 3001 plerumque
1666 2919 1901 2976 nonnisi

60 3033 301 3091 'mutati
332 3032 626 3093 idiomatis
655 3045 880 3095 vestem
910 3032 1175 3091 induisse
1195 3079 1207 3103 ,
1251 3031 1663 3091 lubentissime
1692 3031 1898 3091 fatear.

251 3164 313 3222 Si
345 3161 533 3221 nihilo
570 3175 770 3223 tamen
817 3162 1012 3220 minus
1043 3161 1160 3219 illis
1198 3160 1431 3234 verbiS,
1485 3182 1636 3243 quae
1676 3161 1900 3221 debiles

96 3275 338 3334 meliora
375 3274 530 3335 vires
563 3297 685 3336 non
729 3275 982 3337 reddere
1012 3288 1470 3348 concesserunt,
1526 3295 1717 3335 unum
1757 3275 1894 3333 alte-
