2127 3775
244 296 311 345 58

231 418 430 470 minari
462 419 614 471 debet
645 421 790 486 ordo,
830 437 952 469 cum
983 417 1071 468 illa
1101 436 1447 491 quaecunque
1491 418 1747 471 intuitum
1781 418 2053 482 facilitarst,

231 515 425 557 attente
464 505 724 575 respicere
759 504 926 576 jubet.
974 503 1218 576 Exprimi
1251 514 1428 555 autem
1453 504 1736 557 verbaliter
1772 504 1898 555 ordo
1926 523 2054 554 non-

228 592 332 643 nisi
362 601 527 664 potest
552 591 609 641 in
632 602 929 660 systemate
953 610 1104 657 vero,
1139 590 1228 641 sed
1256 590 1413 642 etiam
1440 594 1658 644 nonnisi
1683 593 1736 642 in
1763 591 1857 642 illo
1879 594 2055 656 javat.

229 676 339 727 Ubi
371 675 513 727 enim
538 675 925 728 subdivisiones
955 695 1124 748 usque
1154 676 1220 726 ad
1247 675 1487 727 ordinem
1515 676 1682 727 factae
1698 713 1714 743 ,
1767 685 1816 727 et
1843 674 2054 726 nonnisi

225 780 394 833 genus
420 760 662 811 naturale
693 771 742 814 et
775 762 971 834 species
995 763 1259 815 naturales
1290 762 1401 825 (uti
1424 762 1637 823 dicunt)
1655 799 1671 829 9
1708 761 1786 812 ibi
1814 763 2054 813 ordinem

225 845 531 913 nominare,
583 846 660 896 nil
703 848 943 919 prodest,
997 848 1121 921 quia
1168 869 1278 900 non
1329 848 1729 900 similitudinem
1776 847 2053 920 exprimit3

224 931 439 982 nonnisi
470 950 498 981 a
529 931 754 1003 singulis
784 933 920 986 notis
951 934 1221 985 nominari
1252 934 1496 1003 deberet,
1544 935 1625 987 uti
1658 936 1766 1008 jam
1796 933 2052 986 habemus

223 1016 498 1089 Digynas,
535 1018 867 1091 Polygynas,
905 1019 1233 1072 Monandras
1265 1040 1308 1072 e.
1337 1042 1373 1072 s.
1401 1041 1452 1093 p.

662 1186 706 1250 Ξ.
757 1180 847 1245 37.
907 1182 1215 1243 Nomen
1273 1181 1610 1241 ordinis,

387 1313 556 1377 Ordo
599 1337 741 1397 ergo
783 1317 939 1378 ferat
978 1340 1203 1378 nomen
1246 1317 1535 1398 simplex,
1592 1338 1780 1396 genas
1827 1337 2048 1375 nomen

221 1414 641 1489 compositam,
685 1417 906 1493 species
946 1435 1088 1473 vero
1123 1413 1669 1475 denominationem.
1720 1412 1884 1470 Infra
1917 1433 2053 1492 spe-

218 1504 372 1562 ciem
413 1509 792 1583 systematica
843 1510 1299 1569 nomenclatura
1343 1533 1466 1570 non
1515 1509 1853 1580 deseendit,
1912 1529 2053 1566 nam

217 1598 377 1658 infra
406 1600 575 1659 illam
608 1603 780 1662 nulla
815 1606 1015 1663 unitas
1052 1607 1428 1685 systematica
1469 1608 1698 1678 existit,
1752 1626 1908 1688 quae
1947 1624 2051 1662 no-

216 1696 493 1755 minatim
525 1699 916 1779 exprimenda
947 1713 1116 1759 esset.

382 1808 615 1860 Nomina
649 1812 901 1862 ordinum
932 1823 1054 1863 sunt
1081 1812 1425 1865 fundamenta
1457 1813 1904 1864 nomenclaturae.
1949 1810 2051 1862 Ex-

218 1901 406 1963 petunt
436 1893 495 1944 in
523 1893 775 1946 electione
804 1915 1068 1947 summam
1101 1898 1432 1965 cautionem,
1483 1898 1780 1970 plurimum
1811 1896 2050 1962 consilii,

216 1997 368 2029 suam
394 1988 574 2030 autem
604 1979 845 2034 referunt
868 1980 1316 2054 significationem
1344 1983 1410 2034 ab
1439 1983 1717 2035 ordinibus
1747 1981 1899 2053 ipsis,
1938 1981 2051 2053 qui-

215 2059 315 2111 bus
347 2060 717 2132 imponuntur.
754 2064 964 2114 Nomen
996 2063 1196 2115 ordinis
1224 2085 1352 2138 ergo
1381 2065 1438 2116 in
1466 2067 1612 2117 omni
1640 2086 1834 2138 genere
1865 2077 1915 2119 et
1941 2087 2049 2139 spe-

214 2146 295 2197 cie
326 2147 494 2219 repeti
522 2147 702 2214 debet,
753 2148 842 2198 sed
878 2147 968 2198 hic
1011 2169 1355 2216 moneamus,
1408 2171 1600 2203 nomen
1642 2153 1887 2203 ordini
1920 2171 2048 2219 pro-

207 2233 329 2300 prie
358 2234 659 2299 impositam
688 2251 826 2298 esse,
866 2251 976 2284 non
997 2252 1035 2300 p
1052 2234 1168 2284 lan
1187 2237 1275 2285 tis
1285 2257 1302 2302 3
1342 2237 1524 2286 ordini
1545 2254 1652 2305 qaa
1678 2238 1780 2288 toti
1803 2238 2014 2288 cuidam
2028 2259 2050 2304 ,-

210 2317 312 2373 sed
330 2336 525 2368 nomen
554 2319 749 2368 transit
775 2318 830 2368 in
856 2317 1132 2388 plantam,
1171 2319 1267 2369 illa
1294 2320 1399 2370 sibi
1424 2323 1529 2389 ipsi
1550 2323 1709 2389 quasi
1736 2342 1929 2373 nomen
1957 2324 2048 2373 im-

206 2403 393 2469 ponit,
442 2403 493 2452 si
534 2403 688 2454 ideae
725 2402 880 2470 bajas
913 2415 1009 2455 aut
1046 2404 1190 2455 illias
1228 2407 1432 2457 ordinis
1472 2409 1875 2473 correspondet.
1924 2406 2047 2458 Tali

213 2487 371 2538 modo
414 2489 744 2558 systematica
783 2490 1183 2543 nomenclatura
1227 2500 1435 2543 coe'rcet
1480 2493 1812 2544 volantatem
1861 2492 1919 2542 in
1963 2493 2045 2543 de-

213 2572 668 2625 nominationibus
697 2573 999 2646 plantarum
1014 2612 1030 2642 ,
1070 2595 1203 2647 quae
1235 2595 1497 2625 summam
1523 2577 1632 2646 jam
1662 2595 1812 2646 saepe
1839 2576 2046 2647 peperit

214 2657 580 2712 confusionem
615 2669 665 2711 et
693 2660 888 2731 pariet,
936 2661 1193 2732 quamdiu
1232 2660 1291 2709 in
1328 2660 1570 2712 scientias
1613 2661 1698 2711 illi
1726 2662 2043 2713 concedetur

212 2743 460 2799 influxus.
513 2745 741 2810 Planta,
792 2763 930 2815 qaae
965 2755 1047 2796 est
1085 2747 1440 2799 determinata
1467 2748 1770 2814 conjunctio
1795 2750 2041 2818 proprie-

213 2840 382 2881 tatam
433 2830 1054 2900 phy-sicolzistoriearam
1077 2862 1092 2892 ‚
1153 2852 1261 2884 non
1313 2833 1622 2886 electionem
1680 2834 1916 2897 ordinis,
1968 2826 2044 2884 iad

214 2933 369 2983 quem
407 2911 706 2984 referatur,
759 2917 1034 2982 concedit,
1082 2919 1182 2969 sed
1205 2918 1315 2980 illi,
1367 2920 1443 2969 ad
1475 2937 1628 2987 quem
1652 2921 1913 2985 pertinet,
1953 2937 2036 2970 ne-

215 3002 449 3055 cessario
481 3002 647 3053 inseri
675 3002 857 3069 debet,
897 3004 991 3074 qai
1014 3004 1199 3055 unicas
1224 3004 1443 3057 nonnisi
1470 3023 1584 3056 esse
1606 3014 1806 3073 potest,

678 3163 721 3227 §.
767 3159 858 3217 38.
898 3160 1195 3221 Nomen
1235 3159 1572 3239 generis

381 3289 612 3350 Nomen
640 3291 863 3351 ordinis
891 3294 1147 3374 simplex·
1179 3306 1266 3354 est
1308 3293 1461 3352 basis
1496 3295 1812 3355 nominum
1855 3315 2032 3374 gene-

217 3385 517 3457 ricorum,
577 3408 731 3467 quae
768 3393 1089 3469 composita
1120 3411 1247 3451 esse
1289 3387 1528 3450 debent.
1585 3390 1817 3452 Nomen
1854 3410 2032 3468 gene·

852 3474 862 3498 (l
