2127 3775
1859 250 1924 301 77

61 375 257 445 se'rent
282 386 332 428 et
370 396 436 427 ne
475 385 599 448 peut
630 394 807 447 passer
831 373 1020 427 l'hiver
1052 374 1185 427 leors
1215 377 1279 426 de
1318 375 1676 444 l'orangerie,
1725 372 1895 424 tandis
1915 411 1930 439 ,

81 483 183 536 que
218 462 529 535 Sisyrinche
563 461 844 514 trauchant
881 480 1030 533 passe
1066 480 1182 511 sans
1219 460 1422 531 danger
1460 468 1602 511 toute
1628 459 1833 510 l'annee
1866 480 1930 511 en

80 548 255 620 pleine
289 559 442 600 terre.

249 635 315 695 Ω)
354 634 605 685 Eucomis
636 635 897 705 ponctuee
943 632 1225 683 ressemble
1258 631 1538 703 beaucoup
1578 632 1606 681 a
1648 627 1932 683 l’Eucomis

79 721 278 791 royale,
315 721 445 770 mais
488 721 582 771 elle
627 721 810 770 differe
843 720 1288 791 principalement
1325 737 1421 789 par
1453 737 1529 767 ses
1564 715 1766 767 seuilles
1808 719 1936 786 plus

80 807 333 878 hugues,
367 808 494 875 plns
525 807 733 858 etroites
775 816 824 856 et
861 807 985 876 plns
1027 805 1276 877 pointu39
1327 822 1424 875 par
1468 823 1522 852 sa
1579 802 1769 875 hampe
1807 804 1937 874 plus

82 892 273 957 haute,
313 912 409 964 par
439 912 490 941 sa
526 911 725 964 grappe
752 894 895 943 deux
929 912 997 943 ou
1030 893 1162 942 trois
1181 887 1307 958 fois
1335 890 1461 956 plus
1490 890 1691 959 longae
1723 899 1771 941 et
1813 909 1936 941 cou-

80 980 278 1028 ronnee
315 977 375 1027 de
411 975 614 1027 seuilles
645 980 924 1042 beaucoup
947 976 1076 1046 plus
1102 986 1334 1028 courtes.

247 1062 608 1114 Brevissimos
650 1081 756 1113 esse
789 1061 1119 1113 characteres
1161 1060 1406 1126 tandem,
1462 1059 1556 1131 qui
1601 1060 1936 1131 paucissimis

82 1147 316 1219 plurima
349 1148 608 1214 effantur,
650 1167 746 1220 per
780 1166 832 1197 se
866 1147 1072 1197 clarum
1101 1178 1169 1185 —
1194 1144 1284 1195 sed
1313 1143 1591 1195 character
1617 1164 1685 1195 ne
1715 1142 1807 1197 fiat
1850 1146 1938 1196 ob-

81 1253 300 1299 scurus,
342 1233 470 1283 dum
503 1234 680 1286 brevis
717 1253 824 1284 esse
867 1233 1086 1284 laborat.
1140 1230 1422 1302 Quomodo
1449 1231 1681 1283 brevitas
1710 1231 1939 1282 offenda-

81 1330 199 1387 tur,
253 1319 423 1371 cuivis
463 1339 559 1391 per
604 1339 656 1369 se
710 1320 931 1370 clarum.
983 1319 1305 1369 Brevitatem
1352 1325 1529 1367 autem
1574 1337 1683 1368 non
1724 1317 1937 1385 minus,

81 1425 241 1477 quam
268 1405 721 1476 perspicuitatem,
751 1404 1160 1476 simplicitatem,
1193 1413 1242 1454 et
1271 1403 1547 1454 essentiam
1568 1402 1942 1455 characterum

81 1490 252 1562 ipsam
280 1490 522 1542 sauciant
554 1488 928 1542 characterum
958 1492 1321 1558 exceptiones.
1359 1491 1579 1541 Natura
1610 1490 1815 1542 nnllam
1845 1510 1939 1542 no-

83 1580 186 1629 scit
217 1580 620 1648 exceptionem,
663 1587 716 1628 et
730 1572 903 1646 facta
939 1587 1208 1641 naturae,
1260 1575 1575 1647 regularum
1602 1575 1941 1648 quarundam

83 1667 428 1732 exceptiones
467 1665 736 1727 sistentia,
771 1665 985 1729 potins,
1027 1671 1084 1712 ut
1115 1681 1274 1732 sagax
1303 1660 1384 1711 his
1424 1661 1481 1712 in
1510 1661 1670 1712 rebus
1715 1661 1941 1733 scriptor

83 1748 344 1815 advertit,
384 1749 484 1799 has
517 1749 736 1817 regulas
764 1768 877 1799 esse
912 1751 1254 1815 exceptiones
1290 1759 1523 1799 naturae
1554 1750 1942 1800 demonstrant.

86 1833 377 1905 :Nunquam
406 1852 536 1905 ergo
564 1853 689 1884 cum
716 1833 1023 1905 exceptione
1051 1832 1326 1884 character
1351 1833 1452 1884 erit
1476 1833 1850 1884 admittendus.
1876 1863 1942 1872 —-

245 1995 286 2058 S.
324 1987 415 2046 51.
451 1989 1122 2049 Characteristica
1166 1992 1514 2070 Systema
1557 1990 1938 2071 supponit.

249 2127 406 2185 Cum
443 2125 989 2204 physicohistorica
1036 2126 1362 2184 methodus
1407 2127 1940 2186 Characteristicae

83 2221 477 2282 destinaverit
519 2243 745 2280 munus
776 2269 789 2293 ‚
849 2243 962 2303 pro
1019 2221 1168 2280 ideis
1229 2223 1623 2302 systematicis
1665 2224 1941 2281 notiones

83 2316 492 2399 producendi,
563 2339 673 2396 per
729 2340 876 2399 quas
937 2339 1221 2376 verarum
1274 2320 1682 2397 cognitionum
1745 2318 1939 2398 digni-

76 2398 269 2472 tatem
305 2412 639 2492 attingunt:
689 2414 1191 2471 Clcaracteristiea
1226 2418 1515 2492 supponit
1550 2426 1815 2494 systema
1848 2414 1940 2472 id-

84 2533 203 2591 que
232 2510 295 2566 in
324 2519 484 2567 statu
516 2530 699 2590 quam
721 2510 1170 2587 perfectissimo
1201 2521 1261 2566 ct
1293 2513 1704 2569 exsertissimo.

251 2603 397 2654 Haec
432 2601 648 2674 quidem
673 2624 735 2654 ex
761 2604 1034 2676 prioribus
1066 2605 1183 2655 luce
1213 2604 1407 2655 clarius
1435 2615 1735 2678 sequuntur
1764 2615 1811 2656 et
1831 2606 1940 2677 jam

84 2689 427 2756 monuimus,
467 2688 624 2739 nimis
658 2710 811 2763 saepe
847 2701 1129 2763 utramque
1162 2701 1578 2758 commutatam,
1631 2691 1850 2742 mixtam
1891 2695 1941 2744 et‘

83 2775 478 2868 praetervisam·
498 2774 683 2832 fuisse
722 2776 1069 2847 Systeniatica
1100 2775 1397 2826 secundum
1428 2774 1664 2827 methodi
1694 2774 1940 2847 physico·

84 2859 369 2912 historicae
396 2858 664 2932 principia
698 2860 899 2932 ΡιὉὲεΓῑ
928 2859 1069 2911 ideas
1088 2898 1104 2927 9
1144 2860 1256 2910 illas
1290 2879 1319 2910 a
1348 2870 1540 2911 natura
1573 2860 1940 2913 subministra-

84 2957 160 2997 tas
203 2955 254 2996 et
298 2944 425 2997 hinc
454 2965 552 3017 per
592 2945 961 2997 immediatum
1007 2945 1262 2998 intuitum
1299 2944 1680 3018 acquirendas,
1729 2947 1940 2999 ambitu

85 3031 237 3082 valde
277 3041 616 3102 superantae,
669 3052 899 3105 quarum
931 3030 1058 3083 hinc
1086 3051 1259 3104 neque
1296 3031 1351 3081 in
1381 3042 1571 3082 natura
1602 3032 1939 3084 reinvenien-

86 3117 150 3167 da
184 3117 425 3187 objecta,
463 3128 512 3170 et
548 3116 681 3169 haec
708 3117 913 3190 objecta
947 3136 1039 3167 seu
1067 3117 1217 3167 ideae
1240 3119 1479 3184 primum
1507 3119 1705 3168 sistunt
1731 3121 1785 3170 in
1815 3137 1940 3188 cog-

83 3204 315 3267 nitione,
370 3205 735 3271 substratum,
787 3204 1084 3256 materiem.
1136 3202 1217 3253 Ex
1257 3202 1358 3253 illis
1388 3212 1566 3254 autem
1599 3201 1729 3252 ideis
1763 3205 1940 3255 nullae

84 3287 373 3358 prodirent
422 3289 781 3362 cognitiones,
837 3287 966 3340 hinc
1010 3289 1318 3341 nottonibus
1364 3287 1558 3340 debent
1604 3288 1793 3361 jung1‚
1843 3309 1940 3362 per

85 3391 214 3443 quas
249 3383 468 3444 possunt
500 3377 699 3444 dzlsting
669 3378 788 3431 0,Ηί
829 3376 1206 3438 determinari,
1245 3375 1497 3445 cogitari.
1552 3372 1658 3423 Has
1695 3375 1935 3427 notiones
