2127 3775
252 266 322 319 44

253 409 415 462 gero,
465 392 737 443 notionem
774 385 1042 458 (Begriff)
1081 388 1299 460 quidem
1334 387 1577 454 habebo,
1630 406 1736 459 qua
1773 387 2091 440 Gentianeas

251 476 319 527 ab
355 474 601 527 omnibus
631 472 848 543 reliquis
876 473 1012 537 bene
1050 475 1394 542 distinguam,
1435 483 1482 524 et
1517 482 1692 545 postea
1730 473 1826 523 sub
1864 473 1963 524 hac
2000 493 2092 524 no·

252 562 392 613 tione
423 561 666 628 cogitare
690 558 908 625 valebo,
947 558 1035 610 sed
1058 558 1174 609 idea
1206 558 1487 626 intuitiva,
1526 578 1744 630 quam
1716 558 2092 629 Systematicae

249 666 328 696 res
356 654 428 695 est
452 644 747 715 pioducere
763 682 779 711 ,
827 644 952 695 inde
979 663 1087 694 non
1119 644 1311 716 prodit.
1350 644 1407 694 In
1436 664 1671 716 quonam
1697 663 1826 714 ergo
1855 644 2090 696 radicata

249 725 583 789 similitudo?

412 816 471 871 ,Si
501 816 736 889 ejusdem
767 814 998 865 nominis
1026 814 1229 886 objecta
1266 814 1422 885 plura
1455 812 1729 880 videmus,
1783 832 1907 863 mox
1940 813 2090 866 invo-

244 901 477 953 luntario
515 900 666 973 quasi
705 900 863 951 niodo
913 899 1093 970 imago
1133 899 1382 950 omnibus
1418 898 1718 950 communis
1762 897 1996 950 exoritur
2030 898 2090 950 in

243 996 420 1038 nostra
445 985 785 1052 conscientia,
825 1005 962 1058 quae
991 984 1166 1036 media
1198 995 1271 1036 est
1298 985 1559 1051 omnium,
1598 984 1656 1035 in
1688 1005 1792 1057 qua
1817 984 2091 1057 quodlibet

241 1072 512 1144 objectum
536 1090 912 1143 recognosces,
951 1070 1159 1122 etiamsi
1191 1071 1327 1122 nulli
1354 1081 1532 1122 exacte
1565 1069 1954 1142 correspondet.
1991 1070 2090 1120 Ar·

240 1156 384 1207 boris
412 1157 504 1223 sic,
541 1155 670 1222 avis,
707 1154 865 1227 piscis
895 1174 936 1205 e.
969 1176 1006 1205 s.
1039 1175 1089 1226 p.
1122 1155 1179 1204 in
1212 1154 1532 1206 conscientia
1558 1155 1709 1207 nobis
1739 1155 1923 1209 volitat
1948 1154 2087 1223 idea,

239 1242 281 1293 si
308 1261 493 1292 rerum
521 1240 715 1307 harum
746 1239 961 1291 nonnisi
992 1239 1255 1334 generalis
1283 1239 1485 1290 mentio
1513 1238 1588 1291 fit.

404 1327 657 1397 Ejusdem
703 1326 924 1377 omnino
970 1324 1196 1395 originis
1244 1334 1318 1376 est
1353 1325 1471 1375 idea
1511 1324 1963 1392 Gentianearum,
2015 1336 2089 1379 est

236 1411 387 1485 quasi
430 1410 768 1482 Prototypas
813 1432 850 1461 8.
891 1413 1015 1463 zdea
1079 1411 1347 1462 normalis
1405 1431 1504 1483 plo
1559 1410 1838 1477 omnibus,
1890 1406 2127 1483 quibus¹

234 1497 401 1550 hocce
439 1496 688 1549 convenit
725 1514 951 1562 nomen,
1004 1494 1212 1593 plantis.
1265 1487 1386 1545 Non
1434 1506 1613 1546 autem
1659 1495 1837 1548 verbis
1872 1495 1963 1546 illa
2001 1516 2084 1547 ex·
2126 1513 2127 1584 l

232 1584 397 1657 primi
433 1592 601 1655 potest
637 1581 786 1649 idea,
836 1601 945 1650 non
984 1583 1128 1634 enim
1167 1600 1229 1631 ex
1267 1581 1629 1632 determinatis
1666 1581 1803 1632 notis
1853 1591 2084 1650 constat,

232 1660 331 1741 per
367 1689 498 1742 quas
546 1667 785 1718 notiones
822 1667 1042 1741 quidem
1085 1666 1421 1734 formantur,
1474 1668 1563 1718 sed
1598 1687 1708 1718 non
1744 1667 1927 1734 ideae,
1974 1687 2083 1718 non

232 1754 494 1826 imagines
533 1763 813 1821 creantur,
839 1742 844 1747 ¹
866 1774 1001 1827 quae
1028 1753 1261 1805 ⁴nonnisi
1301 1757 1533 1807 omnium
1570 1755 1734 1805 simul
1765 1755 2087 1824 qualitatum

233 1841 555 1906 collectione
579 1840 808 1911 produci
828 1849 1061 1912 possunt.
1090 1840 1370 1913 Postquam
1392 1859 1519 1892 vero
1539 1839 1626 1890 ille
1649 1839 1946 1905 communis
1964 1860 2086 1911 pro-

232 1935 463 1997 totypus,
491 1916 587 1975 illa¹
607 1925 724 1976 idea
753 1927 912 1985 semel
940 1937 1116 1978 exorta
1144 1920 1240 1998 per
1267 1927 1549 1991 Smer-tiae,
1588 1926 1904 1992 Gentianae,
1934 1926 2082 1995 Ery·

230 2010 459 2063 thracae
510 2031 552 2062 e.
601 2032 638 2063 8.
683 2032 735 2084 p.
789 2011 1327 2083 contemplationem,
1391 2030 1514 2060 mox
1563 2010 2080 2079 animadvertemus,

231 2095 435 2147 etiamsi
481 2096 657 2148 forsan
695 2107 746 2148 et
789 2098 1051 2149 Chironia
1102 2107 1152 2149 et
1207 2097 1550 2148 Gentianella
1599 2094 1883 2162 accedant,
1934 2096 2080 2148 illam

230 2174 406 2244 ideam
435 2165 770 2238 immutatam
799 2182 908 2243 fere
936 2201 1269 2254 permanere,
1311 2192 1359 2233 et
1385 2191 1575 2233 statum
1606 2174 1992 2253 permansionis
2031 2192 2082 2235 et

230 2257 596 2318 consistentiae
641 2286 940 2332 assumere,
990 2265 1048 2317 in
1086 2285 1192 2338 quo
1239 2266 1361 2316 dein
1407 2266 1760 2318 immutabilis
1806 2278 2076 2335 lemanet,

229 2345 436 2404 etiamsi
479 2353 873 2418 Centauream,
928 2352 1279 2405 Centaurella
1317 2351 1653 2425 aliorumque
1698 2352 1873 2405 adhuc
1919 2373 2078 2426 gene-

228 2458 353 2508 rum
384 2425 664 2490 individua
699 2439 1026 2491 accederent

400 2525 503 2576 Hic
545 2545 937 2598 nonnunquam
977 2524 1259 2577 difficultas
1296 2526 1485 2593 intrat,
1534 2544 1698 2597 eaque
1747 2525 1877 2576 adeo
1923 2544 2075 2598 saepe

229 2630 458 2683 magna,
506 2620 568 2662 ut
604 2620 652 2690 et
690 2610 980 2662 exercitum
1009 2620 1059 2661 et
1090 2629 1340 2669 securum
1371 2611 1496 2661 alias
1524 2610 1786 2683 judicium
1820 2609 1929 2660 falli
1957 2631 2074 2682 pos-
2116 2677 2119 2680 Α

225 2696 306 2757 sit.
365 2696 440 2749 Ut
483 2686 628 2747 enim
673 2707 813 2749 recte
859 2698 921 2747 de
964 2696 1313 2749 similitudine
1358 2696 1590 2768 judicari
1634 2694 1826 2766 possit,
1878 2697 2071 2781 speciei
2118 2744 2119 2747 ,

226 2802 389 2855 quam
449 2782 854 2855 completissima
903 2782 1140 2854 cognitio
1191 2792 1538 2854 expeteretur.
1589 2780 1839 2853 Persaepe
1889 2779 2071 2833 autem
2112 2852 2114 2859 Ι

226 2859 561 2919 contrarium
589 2870 781 2941 evenit,
813 2869 884 2921 ita
911 2869 1145 2943 quidem,
1173 2879 1235 2920 ut
1261 2887 1461 2941 paucae
1487 2866 1700 2931 nonnisi
1717 2866 1909 2940 speciei
1932 2868 2072 2946 vari-

227 2950 384 3010 etates
412 2954 656 3026 cognitae
690 2955 808 3022 sint,
838 2964 886 3022 et
910 2953 1087 3017 tamen
1118 2955 1180 3006 de
1210 2951 1555 3005 similitudine
1581 2952 1710 3003 ferri
1726 2952 1988 3024 judicium
2006 2952 2073 3004 sit

229 3058 454 3105 necesse.
493 3034 616 3090 Non
646 3051 823 3105 autem
854 3030 1028 3110 aliud,
1065 3032 1168 3091 nisi
1198 3038 1338 3112 quod
1366 3037 1685 3109 experientia
1715 3058 1901 3090 manca
1931 3040 2068 3090 indi·
2110 3058 2114 3064 ·

227 3125 390 3175 vidua
419 3114 699 3198 suggerat,
738 3125 979 3177 medium
1017 3124 1216 3191 existit,
1269 3142 1376 3172 non
1408 3121 1552 3187 enim
1587 3125 1823 3194 supponi
1854 3133 1903 3175 et
1916 3119 2074 3193 fingi

226 3228 267 3273 8.
297 3211 531 3262 inveniri
555 3209 846 3274 similitudo
873 3219 1039 3281 potest
1076 3209 1139 3275 de
1170 3207 1328 3257 rebus
1355 3226 1633 3278 nunquam
1659 3205 1783 3258 visis
1809 3239 1879 3247 —
1906 3217 1955 3259 et
1985 3209 2067 3280 ju-

229 3292 431 3344 dicium
457 3292 583 3345 hinc
608 3292 801 3345 ferenti
828 3293 1039 3343 varium
1063 3289 1366 3365 periculum
1402 3307 1662 3342 errorum.
1702 3290 1812 3341 Ubi
1838 3311 1963 3343 vero
1989 3293 2065 3344 di-

232 3379 335 3430 tior
371 3378 695 3451 experientia
733 3378 940 3446 evadit,
996 3388 1045 3431 et
1072 3374 1229 3431 'error
1273 3378 1638 3448 cognoscitur,
1691 3377 1846 3429 simul
1894 3369 2108 3430 emen-'¹

2104 3453 2118 3508 ἱ.
