2127 3775
2107 75 2110 92 ι

269 132 337 185 29
2109 131 2112 180 l

265 254 409 307 modi
439 255 742 328 crystallum
771 255 827 304 in
860 262 1083 326 systema
1109 252 1580 307 rhomboedricum
1613 271 1718 305 esse
1743 251 2078 312 referendum
2112 213 2116 339 i

264 340 298 390 i.
331 360 373 392 e.
405 341 651 393 Formam
684 341 1011 413 primitivam
1044 360 1150 393 esse
1178 339 1614 396 rhombotidrum.
1662 340 1711 391 9.
1739 340 2082 411 Angulorum
2114 341 2117 381 ἶ

265 433 316 477 et
340 424 519 476 axium
543 425 701 497 hujus
723 422 929 496 figurae
954 424 1201 484 indolem.
1239 427 1288 484 5.
1328 425 1522 485 Omnes
1559 424 1754 482 formas
1782 425 2080 495 regulares,
2117 433 2119 474 ζ

262 532 396 585 quae
430 532 491 563 ex
516 499 654 563 dicto
686 510 1063 563 Rhomboe‘dro
1088 510 1317 562 derivari
1361 506 1607 582 possunt>
1656 509 1737 562 uti
1773 510 1938 560 multa
1980 509 2080 559 alia
2120 510 2122 547 l

261 596 664 665 Rhomboedra,
701 598 890 648 multas
905 595 1239 666 Pyramides,
1269 595 1335 645 19
1365 605 1414 647 et
1434 595 1503 645 24
1526 596 1808 667 planorum
1819 632 1835 662 >
1857 592 2078 644 Prisma-
2122 596 2124 646 ἰ

260 689 309 732 ta
340 679 471 747 tria,
509 701 615 752 qua
636 679 835 751 figuras
866 678 1140 750 simplices.
1176 680 1225 732 4.
1265 679 1462 731 Omnes
1495 700 1623 752 ergo
1650 680 1807 737 etiam
1843 677 2086 750 figuras,
2124 698 2127 752 ’ς

256 784 391 837 quae
413 765 711 829 combinari
734 774 951 836 possunt
977 764 1116 816 inter
1143 783 1193 815 se
1222 775 1271 816 et
1302 785 1425 828 cum
1470 765 1857 830 rhomboe'dm,
1909 762 2078 813 omni·
2125 753 2127 799 l

255 849 354 900 hus
387 849 569 900 ceteris
594 849 818 900 exclusis
853 850 900 900 5.
935 869 1038 922 qua
1067 846 1426 902 characterem
1455 850 1919 902 combinationum
1937 848 2078 898 idem

256 933 357 984 hoc
386 934 613 994 verbum
647 933 917 1005 designat>
955 954 1233 1007 nunquam
1261 935 1543 987 dimidium
1578 937 1862 1008 planorum
1894 949 2080 984 nume-

257 1037 379 1069 rum
408 1017 600 1081 harum
623 1016 926 1090 figurarum
953 1039 1250 1079 occurrere.
1288 1021 1337 1072 6.
1375 1021 1620 1072 Tandem
1648 1020 1782 1071 illud
1821 1018 1963 1070 idem
1989 1036 2080 1068 no-

255 1121 377 1165 men
411 1101 687 1178 exprimit,
727 1104 1034 1174 crystallum
1061 1104 1380 1176 regulariter
1411 1104 1577 1156 dividi
1608 1124 1753 1177 posse
1786 1115 1835 1156 et
1864 1103 2082 1179 quidem

254 1188 547 1247 secundum
575 1186 888 1238 directiones
915 1183 1189 1260 parallelas
1211 1187 1382 1260 planis
1401 1188 1677 1262 cujusdam
1693 1188 2080 1245 Rhomhoe'slri.

253 1271 431 1336 Multo
469 1272 624 1344 plura
667 1271 842 1324 adhuc
895 1268 1142 1346 exprimit
1200 1274 1429 1326 verbum
1485 1273 2045 1326 dirrhomboedricum
2063 1309 2078 1339 9

253 1357 396 1429 quod
438 1357 647 1409 easdem
689 1356 890 1431 figuras
931 1358 1131 1430 duplici
1183 1358 1341 1411 modo
1385 1378 1638 1431 apparere
1681 1359 1861 1425 docet,
1911 1358 2080 1409 multo

253 1441 466 1504 tandem
499 1443 654 1515 plura
690 1443 876 1496 dicunt
903 1445 1067 1495 verba
1097 1443 1719 1496 hemirhomboedricum
1747 1455 1796 1496 et
1827 1443 2080 1495 hemidir-

252 1521 741 1581 rhomboe'dricum.
781 1528 920 1580 Cum
942 1549 1068 1581 vero
1101 1530 1316 1581 termini
1333 1530 1494 1601 primi
1511 1530 1694 1601 capitis
1722 1550 1881 1580 usum
1908 1528 1966 1579 in
1997 1548 2079 1580 re-

253 1611 409 1684 liquis
434 1612 740 1681 inveniant,
780 1633 965 1665 eorum
1000 1614 1194 1666 utilitas
1225 1625 1273 1666 et
1303 1615 1591 1683 inutilitas,
1617 1614 1716 1666 ubi
1735 1614 2077 1682 adhibentur,

250 1696 333 1746 in'
361 1698 539 1748 oculos
595 1698 759 1749 cadet.
809 1698 867 1750 Si
910 1718 987 1749 ex.
1039 1718 1120 1770 gr.
1168 1701 1570 1754 nomenclatura
1624 1700 1841 1751 cuidam
1884 1698 2078 1771 speciei

252 1781 407 1853 regni
434 1781 703 1832 mineralis
723 1782 1108 1855 expressionem
1136 1782 1676 1836 »rhomboe'dricum‘<
1694 1785 1884 1855 junget
1901 1821 1916 1850 9
1949 1793 2079 1856 quot

251 1866 360 1936 jam
387 1865 615 1922 rationes
641 1886 751 1917 uno
778 1866 868 1920 illo
903 1867 1068 1920 verbo
1095 1867 1197 1919 sint
1220 1878 1373 1919 notae
1384 1906 1400 1936 9
1437 1868 1613 1940 primo
1645 1868 1845 1921 intuitu
1870 1879 1945 1920 est
1976 1871 2078 1921 cla-

255 1969 376 2000 rum
395 1987 411 2017 >
449 1950 607 2003 simul
636 1961 686 2003 et
717 1946 977 2023 quantum
1001 1951 1268 2013 influxum
1296 1953 1438 2004 hona
1475 1963 1525 2003 et
1553 1952 1785 2024 perfecta
1831 1953 2078 2005 termino-

251 2035 396 2107 logia
423 2036 479 2092 in
503 2047 854 2110 augmentum
878 2035 1128 2088 scientiae
1159 2054 1403 2093 exercere
1435 2037 1637 2094 debeat⁰

1970 2138 2011 2186 R

253 2224 301 2284 ς.
347 2218 439 2277 13.
478 2213 531 2278 Α
564 2217 1129 2300 terminologia
1170 2239 1333 2278 sors
1365 2217 1734 2278 scientiae
1771 2218 2075 2299 pendet,

257 2313 429 2395 quia
469 2314 556 2373 ab
595 2314 735 2373 illa
770 2335 937 2373 sors
969 2328 1452 2376 caeterarum
1497 2314 1828 2378 historia
1868 2328 2078 2377 natu-

662 2409 854 2469 ralis
887 2411 1222 2491 partium
1252 2409 1659 2490 dependet.

412 2540 878 2625 Disquisitiones
904 2543 1355 2624 terminologiae
1385 2542 1639 2628 ejusque
1669 2542 2076 2624 expressiones

255 2636 319 2695 in
345 2658 525 2697 omne
552 2638 859 2720 reliquum
890 2652 1072 2719 caput
1098 2640 1380 2700 historiae
1408 2640 1698 2700 naturalis
1719 2652 2038 2699 transeunt
2056 2686 2072 2712 ‚

257 2731 333 2790 ab
362 2753 570 2791 earum
596 2733 740 2792 hinc
768 2731 1001 2812 majore
1032 2734 1126 2794 vel
1168 2736 1401 2794 minore
1436 2736 1686 2794 veritate
1723 2748 1783 2794 et
1815 2736 1918 2795 illa
1960 2736 2071 2794 ho·-

256 2847 397 2886 rum
424 2826 692 2906 capitum
719 2858 796 2869 ——
823 2849 964 2907 ergo
999 2830 1178 2888 etiam
1211 2830 1488 2890 scientiae
1515 2829 1817 2910 dependet
1844 2862 1921 2880 --
1946 2853 2072 2890 non
2114 2818 2117 2819 ⁷

258 2921 460 2979 minus
485 2933 689 2990 autem
715 2935 915 2982 cetera
946 2926 1139 3005 capita
1165 2946 1278 3005 per
1307 2924 1439 2983 illas
1469 2924 1654 3005 ipsaS‚
1713 2947 1859 3006 quas
1897 2945 2071 3005 prae-

258 3013 396 3073 buit
426 3013 841 3095 terminologia
864 3021 1269 3099 expressiones
1292 3065 1307 3092 ,
1339 3019 1528 3099 hujus
1555 3021 1820 3081 indolem
1840 3019 2070 3102 patefa-

262 3111 449 3169 ciunt.
485 3112 797 3189 Botanices
820 3112 964 3173 hinc
992 3116 1171 3184 etiam
1180 3118 1419 3199 fictura
1452 3139 1578 3181 sors
1609 3119 1897 3200 afutura
1935 3114 2068 3195 ejus

261 3205 671 3285 terminologia
697 3206 1016 3289 dependet.
