2127 3775
174 213 244 265 38

171 338 387 390 nonnisi
418 339 837 391 modificationes
870 357 977 390 esse
1001 339 1141 392 inter
1172 356 1251 406 se,
1289 357 1398 392 non
1423 358 1583 413 ergn,
1621 342 1702 395 uti
1716 340 1875 393 hodie
1892 359 2002 393 cre-

171 422 376 490 dimus,
415 425 609 496 species
640 422 843 474 vicinas
854 461 872 491 >
911 424 1100 475 exinde
1128 423 1343 475 nonnisi
1372 423 1565 477 harum
1594 428 1731 478 male
1761 427 2000 500 cognitos

166 527 272 560 esse
303 508 630 560 characteres
663 507 1095 560 concludendum
1138 508 1288 561 foret.
1325 510 1422 561 Ast
1459 511 1500 560 si
1547 531 1609 562 ex
1651 510 1734 562 his
1778 512 1998 585 aliisque

161 594 340 646 multis
370 593 607 665 analogis
635 595 886 667 exemplis
908 616 1017 647 non
1046 595 1233 668 paucis
1275 596 1708 648 concludendum
1740 597 1904 650 fuerit
1917 598 1995 651 vi-

159 700 274 731 sum
291 718 307 746 9
347 679 540 750 species
568 699 676 730 non
703 700 807 731 esse
836 679 965 733 fixas
997 692 1047 734 et
1077 681 1186 732 sine
1219 681 1418 732 finibus
1445 702 1506 733 ex
1537 703 1644 734 una
1686 683 1744 734 in
1775 684 1993 735 alteram

159 764 439 816 transitum
463 764 705 832 existere,
744 766 878 818 illud
924 778 1132 840 pugnat
1179 787 1305 840 erga
1344 777 1418 821 tot
1464 768 1600 820 facta
1647 789 1744 842 per
1784 771 1991 822 saecula

154 851 290 901 bene
318 851 592 903 observata
618 863 666 905 et
691 851 868 904 adhuc
897 853 1244 906 observanda.
1284 854 1425 906 Hinc
1467 874 1631 926 porro
1669 855 1843 907 studio
1876 875 1986 927 spe·

153 937 256 989 ciei
295 938 585 1009 jungamus
626 938 950 1011 profundam
992 940 1423 1014 inquisitionem:
1473 961 1796 1008 cansarum,
1851 959 1987 1014 quae

149 1033 399 1096 poterunt
429 1023 760 1077 characteres
791 1025 1098 1096 immutare,
1136 1029 1361 1080 limitum
1397 1028 1591 1080 harum
1629 1023 1990 1092 modificatio·

148 1130 274 1161 num
303 1120 350 1161 et
384 1115 682 1163 mediorum
710 1111 823 1162 illos
855 1109 1319 1184 recognoscendi?
1355 1113 1423 1164 Et
1454 1112 1552 1163 erit
1589 1111 1676 1162 illa
1706 1110 1986 1184 inquisitio

145 1196 313 1247 multo
331 1194 546 1266 dignior
569 1194 675 1245 viri
701 1194 1165 1267 physicohistorici
1182 1235 1198 1265 9
1238 1216 1401 1269 quam
1426 1196 1785 1248 accumulatio
1812 1216 1984 1248 exem·

141 1281 356 1354 plorum
383 1281 768 1354 ambiguorum
798 1284 857 1336 in
882 1283 1121 1337 favorem
1145 1283 1382 1347 theoriae
1398 1282 1982 1355 transitusspecierum9

144 1368 388 1421 theoriae
415 1369 843 1437 improbandae,
875 1389 1001 1421 cum
1033 1390 1059 1421 e
1079 1370 1337 1421 diametro
1362 1368 1428 1421 sit
1457 1368 1693 1441 opposita
1725 1370 1980 1420 Summae

141 1452 377 1525 generali
401 1451 663 1504 factorum
694 1454 892 1527 optime
924 1465 1178 1507 notorum
1211 1464 1260 1506 et
1282 1455 1518 1521 inutilis-9
1557 1454 1813 1527 quoniam
1842 1454 1885 1506 si
1908 1475 1979 1506 es·

139 1549 212 1590 set
236 1558 362 1590 vera
374 1575 390 1605 9
431 1538 745 1591 deberemus
777 1549 931 1600 (sons
947 1545 1110 1609 peine
1146 1542 1212 1592 de
1238 1560 1306 1592 ne
1337 1542 1456 1592 rien
1480 1543 1692 1599 savoir)
1713 1577 1728 1607 >
1782 1559 1974 1612 agere,

136 1645 197 1676 ac
230 1625 271 1675 si
299 1634 427 1676 esset
441 1624 585 1693 falsa9
615 1636 663 1677 et
688 1637 815 1680 esset
837 1627 993 1678 nobis
1017 1626 1339 1679 studendum
1365 1624 1550 1676 formis
1583 1645 1787 1676 summe
1825 1625 1976 1677 habi·

135 1710 401 1779 tualibus,
467 1721 528 1764 ut
595 1711 771 1764 hodie.
833 1710 1160 1764 Diffidamus
1211 1710 1340 1782 hinc
1396 1710 1475 1761 illi
1508 1708 1888 1783 pyrrhonismo
1931 1730 1975 1763 e.

136 1819 173 1850 s.
243 1820 286 1850 ,α
313 1835 382 1842 -—

203 1822 237 1872 Ρ
303 1871 475 1926 Unice
503 1875 716 1926 nonnisi
743 1876 937 1928 addere
977 1875 1067 1929 hic
1112 1875 1371 1943 velimus,
1424 1873 1705 1943 transitum
1751 1873 1906 1926 illum
1941 1895 1970 1927 a

133 1959 405 2010 nonnullis
428 1980 553 2011 cum
587 1960 953 2013 similitudinis
999 1972 1141 2014 certe
1170 1960 1469 2013 rationibus
1502 1961 1820 2012 commutari
1831 1999 1847 2029 9
1875 1981 1972 2034 per

130 2063 292 2115 quam
318 2045 464 2098 ducti
490 2046 709 2098 omnino
739 2047 805 2098 ab
834 2067 944 2100 una
972 2047 1200 2120 speciem
1231 2048 1297 2098 ad
1324 2047 1541 2097 alteram
1590 2056 1639 2098 et
1682 2046 1755 2098 sic
1804 2048 1970 2099 conti·

130 2131 346 2181 nuando
376 2131 441 2181 ad
473 2150 652 2182 omnes
679 2132 1068 2204 contingemus,
1100 2133 1189 2183 sed
1223 2129 1503 2182 individua
1519 2168 1534 2198 9
1587 2130 1712 2203 quia
1742 2141 1864 2194 sunt
1904 2132 1969 2184 si-

128 2215 275 2265 milia
288 2255 304 2283 9
356 2226 635 2288 propterea
679 2217 819 2269 inter
852 2237 905 2269 se
953 2218 1197 2269 nondum
1233 2225 1526 2268 transeunt.
1572 2217 1827 2292 Exempla
1863 2217 1964 2271 hac

128 2320 340 2373 quoque
371 2321 468 2373 pro
494 2302 750 2354 sententia
789 2303 1144 2375 mineralogia
1192 2301 1581 2355 evidentissima
1625 2303 1806 2372 offert,
1853 2323 1964 2376 spe-

127 2385 229 2437 cies
258 2387 549 2439 simillimas
579 2390 636 2440 in
657 2389 775 2441 idea
804 2388 973 2441 invito
1002 2388 1112 2440 fere
1137 2389 1318 2440 animo
1349 2388 1662 2462 separandas
1688 2388 1961 2460 exhibens,

125 2471 296 2522 nihilo
336 2483 515 2525 tamen
556 2474 735 2526 minus
772 2475 1006 2546 singulas
1047 2494 1144 2547 per
1185 2475 1459 2548 qualitates
1501 2495 1780 2548 nunquam
1811 2476 1870 2528 in
1906 2496 1960 2528 se

124 2567 479 2626 transeuntes)
508 2558 750 2631 specifice
783 2560 1064 2612 distinctas.
1103 2559 1191 2611 Sic
1215 2580 1324 2612 non
1349 2561 1526 2612 minus
1544 2560 1780 2614 chemice
1796 2572 1960 2614 trans-

123 2643 202 2694 ire
231 2644 555 2698 videbantur
597 2646 656 2696 in
678 2645 857 2718 priore
881 2645 1236 2718 mineralogia
1263 2648 1551 2699 nonnullae
1579 2647 1801 2719 species,
1822 2647 1958 2722 phy-

125 2727 486 2782 sicohistorice
519 2750 799 2803 nunquam
826 2730 883 2781 in
917 2731 1101 2781 eadem
1135 2732 1491 2794 collocandam
1525 2733 1612 2806 Sic
1627 2730 1958 2802 Hupferkies

122 2812 180 2864 in
210 2815 448 2868 Falzlerz
463 2857 478 2883 9
509 2813 894 2886 Schwqfellsies
920 2816 979 2867 in
1003 2815 1486 2872 Brauneisenstein
1515 2838 1557 2869 e.
1588 2839 1624 2869 s,
1655 2839 1706 2890 p.
1735 2819 1958 2871 transire

123 2900 543 2970 contendebant,
580 2902 1057 2976 mineras9quibus
1081 2924 1228 2958 nunc
1256 2924 1358 2977 qua
1396 2905 1803 2957 distinctis-rimis·
1840 2924 1955 2975 spe·

123 2986 304 3039 ciebas
323 3006 390 3039 ne
419 2988 654 3059 ejusdem
676 2989 892 3063 quidem
926 2989 1126 3042 ordinis
1157 2989 1505 3062 mineralogia
1539 2989 1817 3061 gloriatur.
