2127 3775
240 291 308 344 54

235 423 494 488 praestat,
532 434 703 487 neque
729 434 835 467 nno
861 418 1075 468 nomine
1099 418 1356 486 generico
1385 415 1635 489 insigniri
1663 425 1907 488 possunt,
1945 425 1992 468 et
2018 417 2063 467 si

236 510 462 572 systema
477 498 1032 572 physicohistoricum,
1051 520 1154 574 qua
1171 511 1340 553 totum
1357 501 1478 567 inse
1494 501 1799 553 ordinatum
1816 510 1865 554 et
1879 500 2064 554 cohae-

234 605 387 651 rens,
425 597 663 655 systema
690 594 794 651 est,
830 584 919 636 illa
950 585 1074 637 artis
1109 585 1309 638 soboles
1351 586 1451 639 erit
1488 597 1710 659 systema
1740 607 2026 659 nunqnam.

365 668 574 721 Divisio
602 669 792 741 incipit
821 689 851 720 a
877 690 1082 722 summa
1112 671 1344 738 notione,
1381 671 1580 743 profert
1607 682 1894 744 segmenta,
1925 691 2060 744 quae

232 765 379 808 notas
410 755 866 827 systematicarum
905 757 1174 809 unitatum
1207 777 1546 830 nequaquam
1573 759 1867 830 possident,
1905 767 1955 810 et
1992 756 2064 808 sic

231 841 485 893 continuo
518 842 788 915 procedit,
827 842 958 914 quin
989 843 1218 915 speciem
1248 842 1485 894 inveniat
1515 846 1597 904 (si
1629 864 1738 896 non
1778 846 1937 912 prius
1968 843 2065 895 illa

230 923 436 995 adfuit]
480 936 529 979 et
578 926 880 994 continuat,
932 927 1098 979 donec
1139 928 1387 980 ulteriori
1428 927 1679 980 divisioni
1723 928 2066 980 individuum

227 1008 391 1062 finem
432 1012 611 1086 posuit
653 1045 720 1052 —
754 1011 916 1072 (hanc
948 1013 1014 1064 ob
1059 1014 1288 1086 gratiam
1330 1013 1489 1065 etiam
1535 1013 1834 1085 saepissime
1872 1012 2064 1065 indivi-

229 1097 397 1150 duum
441 1117 537 1171 pro
569 1099 740 1171 specie
768 1099 1132 1167 sumebatur),
1170 1100 1313 1152 viam
1346 1099 1566 1151 omnino
1596 1098 1726 1151 huic
1770 1098 2062 1171 oppositam

228 1182 541 1234 methodum
581 1183 1120 1256 physicohistoricam
1167 1186 1401 1251 calcare,
1452 1184 1752 1252 neminem,
1790 1185 1884 1258 qui
1925 1184 2065 1236 dicta

228 1269 511 1342 perpendit
537 1260 597 1321 'et
632 1269 969 1342 intelligendi
1005 1269 1248 1320 animum
1284 1268 1476 1336 habet,
1514 1268 1671 1321 fallet.

360 1352 444 1404 De
463 1365 760 1424 systemate
779 1355 992 1407 tandem
1021 1357 1273 1408 Naturae
1293 1355 1449 1407 multi
1474 1355 1633 1406 nimis
1660 1355 1980 1427 loquuntur,
2014 1363 2064 1406 et

228 1436 354 1492 hinc
383 1439 599 1492 nonnisi
630 1440 763 1491 illud
804 1441 1172 1509 nominamus,
1221 1461 1288 1493 ne
1319 1444 1437 1512 qais
1480 1443 1620 1493 illud
1655 1461 1773 1494 cnm
1803 1440 2068 1510 physico-

225 1522 483 1577 historico
523 1535 819 1593 systemate
848 1523 1171 1595 confandat.
1221 1525 1462 1597 Systema
1501 1536 1756 1593 naturae,
1804 1544 1909 1598 qua
1945 1543 2066 1596 pro·

227 1605 450 1658 ductum
480 1617 734 1676 naturae,
774 1627 835 1660 eo
874 1628 1066 1682 nempe
1111 1630 1299 1677 sensu,
1338 1611 1479 1683 quod
1512 1612 1613 1663 illa
1657 1622 1708 1663 et
1752 1610 1980 1683 speciem
2018 1616 2068 1661 et

224 1711 393 1764 genus
420 1711 462 1743 e.
498 1713 535 1743 S.
562 1714 613 1765 p.
636 1698 992 1762 produxerit,
1031 1715 1140 1747 non
1170 1695 1340 1748 existit
1366 1729 1432 1736 —
1462 1700 1588 1767 qaia
1621 1708 1823 1749 natara
1853 1697 2072 1748 nonnisi

218 1779 474 1844 producit
528 1780 806 1831 individua
857 1780 1074 1847 singula
1094 1820 1112 1846 ,
1175 1781 1317 1853 quod
1358 1781 1689 1854 potissimum
1730 1783 1838 1854 jam
1878 1775 2098 1832 exinde⁴

222 1870 391 1933 patet,
429 1863 571 1934 quod
612 1863 656 1914 si
682 1864 802 1915 illae
840 1864 991 1916 ideae
1019 1866 1234 1917 nonnisi
1274 1886 1335 1918 ex
1373 1878 1565 1920 natura
1606 1867 1958 1919 desumendae
1993 1885 2068 1916 es-

227 1959 370 2018 sent,
408 1969 517 2003 non
547 1951 678 2002 adeo
717 1972 871 2024 saepe
901 1953 1179 2004 falsissime
1213 1954 1655 2026 producerentur.
1691 1953 1834 2004 Bene
1851 1951 1941 2002 hic
1968 1951 2069 2001 dis-

223 2054 442 2104 cernaS,
488 2039 639 2108 qnod
678 2049 892 2103 natura,
917 2036 1065 2106 fecit
1101 2050 1150 2092 et
1185 2042 1336 2111 qnod
1362 2043 1564 2092 addere
1597 2059 1745 2090 mens
1788 2038 1970 2103 debet,
2009 2045 2071 2088 at

223 2132 479 2173 naturam
495 2121 933 2192 comprehendat.
961 2123 1070 2190 Illa,
1099 2124 1179 2175 uti
1209 2126 1317 2194 jam
1348 2123 1555 2193 saepius
1586 2124 1787 2173 dictum
1811 2131 1908 2188 est,
1934 2142 2066 2176 non·

224 2206 342 2272 nisissj
367 2205 620 2278 produxit
657 2206 971 2272 individua,
1011 2225 1072 2255 ea
1106 2216 1284 2258 autem
1310 2206 1451 2259 hanc
1480 2207 1715 2258 indolem
1745 2206 1972 2270 habent,
2010 2218 2069 2258 at

224 2311 375 2347 mens
413 2299 606 2342 nostra
636 2291 884 2341 notiones
918 2292 1244 2357 identitatis,
1313 2292 1762 2361 homogeneitatis
1798 2301 1852 2342 et
1885 2291 2070 2342 simili-

226 2377 424 2430 tudinis
450 2376 505 2425 in
535 2373 633 2424 illa
669 2374 951 2440 applicare
985 2381 1174 2446 possit.
1226 2375 1372 2427 Haec
1399 2376 1504 2427 nisi
1546 2386 1742 2443 essent,
1780 2376 1926 2427 nulla
1964 2374 2062 2427 hu-

225 2480 383 2514 mana
423 2477 572 2510 mens
618 2457 732 2508 illas
767 2459 1008 2512 notiones
1056 2460 1323 2533 applicare
1366 2472 1566 2533 posset,
1593 2493 1660 2501 —
1707 2481 1813 2514 esse
1848 2461 2064 2534 quidem

227 2555 426 2621 posset,
463 2552 695 2595 mentem
718 2563 826 2594 non
858 2562 965 2595 esse
994 2545 1178 2611 talem,
1217 2565 1350 2617 quae
1377 2546 1466 2596 illa
1500 2565 1686 2597 eruere
1716 2555 1766 2597 et
1795 2545 2063 2617 applicare

228 2634 400 2687 valeat
443 2628 742 2703 principia,
795 2629 884 2679 sed
926 2639 1042 2680 tum
1092 2649 1266 2702 neque
1313 2629 1375 2681 de
1419 2640 1696 2702 systemate
1738 2649 1910 2682 sermo
1955 2647 2064 2680 esse

227 2726 412 2792 posset.
451 2716 707 2768 Humana
737 2731 870 2782 ergo
902 2732 1051 2765 mens
1082 2725 1161 2767 est
1183 2735 1349 2782 mens,
1392 2719 1519 2788 qnia
1545 2716 1642 2768 illa
1666 2717 1940 2786 principia
1969 2735 2062 2784 ap·

224 2804 436 2872 plicare
476 2800 657 2865 valet,
707 2808 910 2850 natura
954 2808 1132 2850 autem
1171 2810 1372 2851 natura
1385 2840 1404 2867 ,
1468 2802 1596 2870 qaia
1642 2802 2063 2872 applicationem

233 2889 375 2949 hanc
414 2886 675 2940 concedit.

371 2973 430 3024 Si
463 2989 594 3043 ergo
626 2988 781 3021 sensu
810 2968 1006 3036 hocce,
1045 2971 1187 3042 quod
1216 2982 1456 3041 systema
1482 2980 1717 3022 naturae
1743 2971 1809 3022 sit
1834 2971 2061 3042 aequale

237 3070 471 3110 naturae
505 3059 638 3127 ipsi,
675 3063 1002 3122 sumeretur,
1054 3055 1143 3109 illa
1183 3075 1309 3122 vox,
1360 3054 1436 3105 nil
1467 3054 1612 3106 aliud
1642 3055 1919 3127 exprimit,
1956 3055 2060 3106 nisi

239 3143 480 3196 ordinem
522 3160 636 3193 esse
664 3143 718 3192 in
747 3152 952 3192 natura
983 3171 1049 3181 —
1079 3140 1168 3191 sed
1210 3149 1259 3191 et
1295 3139 1383 3190 ille
1424 3140 1553 3192 ordo
1588 3141 1778 3193 mentis
1819 3151 1893 3195 est
1930 3160 2063 3213 opus

236 3240 283 3281 et
318 3229 650 3297 Systema
686 3228 1028 3281 naturale
1079 3228 1358 3281 nonnisi
1391 3239 1525 3279 tam
1568 3246 1812 3280 nomen
1860 3246 2053 3279 mere-

240 3327 388 3380 tur,
432 3315 495 3365 si
536 3316 1054 3383 correspondet
1098 3325 1369 3367 natura
1405 3312 1552 3378 illi,
1602 3313 1792 3367 illud
1837 3323 2058 3366 antem
2126 3372 2127 3379 ἵ

239 3421 273 3456 n
290 3420 323 3451 a
339 3410 403 3452 tu
419 3418 447 3452 r
466 3418 499 3450 a
517 3417 561 3452 e.
597 3427 660 3436 —
