2127 3775
1867 298 1936 350 50

116 423 313 482 ricum
340 424 533 484 ideam
561 424 796 504 generis
818 423 998 483 simul
1029 435 1089 483 et
1115 421 1341 483 ordinis
1364 422 1720 484 movendam
1743 423 1945 482 hahet.

118 520 362 600 Optime
389 522 531 579 hinc
568 520 876 593 succedet,
920 520 969 577 si
1005 520 1185 579 talem
1218 518 1676 578 similitudinem
1703 522 1944 600 generis

115 616 508 688 eminentem,
558 639 739 698 quam
770 636 880 697 per
907 615 1454 676 denominationem
1483 616 1752 676 stabilire
1778 628 1946 697 pote-

110 711 334 784 rimus,
380 712 746 792 detegemus.

281 825 531 876 Rationes
561 824 901 876 faustissimas
928 841 1066 890 esse,
1107 842 1241 894 quae
1275 826 1327 875 in
1349 824 1554 891 plantis
1583 827 1709 891 ipsis
1745 829 1947 879 reinve-

113 911 350 975 nianlar,
388 911 560 983 quivis
590 908 905 982 perspiciet,
957 909 1161 960 etiamsi
1197 928 1295 959 nec
1341 919 1585 960 extranea
1629 911 1945 977 similitudo,

111 994 154 1044 si
189 1014 323 1046 vera
352 1005 401 1046 et
433 1006 719 1058 constans,
771 992 987 1043 omnino
1023 993 1331 1064 rejicienda.
1384 993 1496 1046 Ubi
1534 997 1792 1067 ejusmodi
1820 1017 1948 1068 ergo

111 1079 519 1130 similitudinem
556 1078 816 1146 rationes,
864 1078 943 1129 uti
986 1098 1028 1129 e.
1058 1098 1108 1150 g.
1139 1078 1348 1150 generis
1380 1080 1658 1149 cujusdam
1690 1102 1811 1132 cum
1845 1083 1948 1133 alio

110 1185 307 1236 genere
336 1165 420 1217 vel
451 1164 583 1215 alius
625 1165 835 1236 generis
876 1163 1045 1236 specie
1081 1165 1166 1215 vel
1209 1165 1568 1217 eminentibus
1600 1166 1946 1219 varietatibus

109 1249 524 1301 similitudinum
552 1250 814 1301 invenisse
851 1269 956 1300 non
984 1249 1224 1321 contigit,
1262 1270 1434 1323 neque
1461 1251 1562 1301 alia
1594 1252 1854 1324 quaedam
1884 1251 1948 1301 si-

107 1334 427 1385 militudinis
463 1335 677 1401 relatio,
731 1335 808 1385 ibi
850 1354 1013 1406 aeque
1058 1354 1088 1386 a
1133 1335 1355 1406 singulis
1407 1336 1855 1408 proprietatibus,
1903 1336 1947 1386 si

108 1430 431 1486 constanteS,
472 1440 641 1491 genus
674 1419 1004 1470 denominari
1024 1420 1236 1491 poterit,
1274 1441 1398 1472 nam
1427 1422 1584 1494 longe
1614 1422 1716 1472 alia
1747 1441 1827 1474 res
1853 1432 1944 1488 est,

106 1524 276 1576 genus
311 1507 653 1573 producere,
706 1525 865 1577 quam
909 1507 1272 1558 denominare.
1326 1506 1581 1558 Millenae
1619 1506 1745 1558 hinc
1792 1517 1948 1559 erunt

105 1609 222 1657 res,
274 1609 336 1640 ex
368 1589 563 1662 quibus
596 1602 728 1662 apta
767 1593 985 1643 nomina
1012 1593 1271 1659 generica
1313 1591 1639 1644 conformari
1679 1602 1945 1665 poterunt.

106 1676 188 1728 Sit
211 1694 342 1743 ergo
379 1678 593 1744 generis
617 1696 808 1728 nomen
831 1697 992 1747 quam
1019 1680 1332 1747 saepissime
1358 1682 1728 1749 compositam.

273 1761 552 1833 Ejusmodi
583 1762 867 1834 composita
898 1762 1133 1830 nomina,
1172 1764 1245 1815 ita
1274 1764 1488 1836 quidem
1514 1775 1575 1816 ut
1603 1784 1799 1816 nomen
1828 1767 1945 1817 sim·

105 1847 235 1917 plez·
262 1846 461 1898 indicet
490 1847 759 1915 ordinem,
798 1851 1147 1919 compositam
1174 1859 1354 1900 autem
1385 1868 1448 1900 ex
1471 1850 1562 1902 illo
1593 1870 1793 1923 genus,
1831 1850 1946 1923 ing.

105 1932 205 1984 Da
229 1933 367 1985 Petit
413 1933 666 1986 Tleouars
711 1936 816 2005 jam
846 1934 1150 2006 proposuit,
1196 1934 1647 2002 Cymbidorchem
1684 1945 1733 1987 et
1763 1936 1947 1990 Habe-

104 2018 363 2070 norclzem
391 2038 494 2090 qua
527 2039 722 2091 genera
768 2017 965 2071 ordinis
1011 2019 1252 2072 Orcheos
1278 2020 1591 2088 nominans,
1645 2041 1780 2094 quae
1819 2042 1947 2074 vero

105 2103 287 2154 multis
322 2110 412 2165 (ut
442 2101 732 2155 hodiedum
760 2105 814 2156 in
850 2103 1197 2175 mineralogia
1220 2102 1454 2167 faciunt)
1485 2105 1809 2159 videbantur
1839 2129 1946 2161 ses-

104 2189 415 2259 quipedalia
442 2192 629 2252 verba,
651 2193 765 2256 jam
791 2195 1040 2244 nocitura
1062 2211 1218 2257 sono,
1246 2202 1436 2260 gutlur
1460 2193 1681 2244 laesura
1725 2194 1945 2264 loquen-

107 2276 193 2340 tis,
219 2284 267 2325 et
292 2275 372 2325 vel
400 2275 509 2347 ipse
534 2277 626 2329 De
652 2278 819 2330 Cand.
837 2277 994 2328 nimis
1015 2286 1301 2330 monotona
1325 2286 1374 2328 et
1397 2275 1521 2328 inde
1545 2277 1810 2330 fastidiosa
1831 2298 1946 2331 eva-

106 2378 229 2409 sura
255 2360 366 2412 fore
409 2362 590 2414 credit.
639 2363 695 2414 Si
739 2363 985 2438 quidem,
1035 2377 1113 2417 tot
1143 2377 1272 2438 quot
1296 2361 1589 2415 hodiedum
1617 2364 1814 2436 species
1848 2385 1945 2418 nu-

107 2455 277 2496 merat
318 2448 473 2516 ordo,
528 2459 576 2500 et
619 2448 837 2502 haberet
875 2451 973 2501 sub
1006 2450 1096 2502 tali
1125 2450 1558 2517 nomenclatura,
1612 2449 1713 2502 hoc
1753 2471 1942 2504 verum

107 2542 236 2583 esset
264 2564 329 2571 —
362 2547 445 2585 ast
490 2536 599 2587 illis
635 2536 946 2587 mortalium
992 2555 1122 2589 mox
1159 2537 1379 2589 nonnisi
1410 2537 1730 2605 paucissimi
1767 2537 1943 2590 adhuc

88 2613 263 2684 fidem
293 2617 561 2671 habebant
585 2622 877 2690 speciebus.

440 2800 480 2863 §-
528 2792 622 2852 39.
675 2795 1241 2856 Denominatio
1281 2796 1610 2878 speciei.

273 2926 804 2989 Denominationes
830 2932 1047 3011 speciei
1078 2944 1220 2992 sunt
1247 2931 1556 2992 ulteriores
1589 2930 1941 2992 determina-

111 3026 294 3080 tiones
347 3024 663 3083 nominum
719 3028 954 3107 generis
1008 3042 1067 3087 et
1116 3027 1363 3087 ordinis·
1426 3027 1775 3110 Adjectit’a,
1831 3050 1942 3109 per

112 3139 266 3199 quae
301 3117 402 3176 illa
439 3118 860 3180 determinatio
895 3123 993 3194 fit,
1036 3145 1114 3182 ex
1153 3124 1444 3206 qualitate
1474 3127 1803 3204 specierum
1840 3123 1941 3183 de-

117 3212 431 3271 sumenda.
474 3216 895 3276 Denominatio
929 3219 1146 3300 speciei
1189 3234 1277 3279 est
1313 3240 1407 3280 res
1443 3221 1793 3302 principalis
1837 3244 1941 3280 no-

113 3307 522 3369 menclaturae
565 3315 974 3392 systematicac
1018 3327 1078 3375 et
1107 3315 1274 3376 illam
1311 3316 1634 3378 instituens
1672 3316 1933 3377 officium

114 3425 293 3467 suum
350 3406 641 3487 explebit,
703 3410 1048 3474 denominat
1095 3413 1256 3474 enim
1312 3412 1718 3475 individuum.
1776 3412 1938 3472 Infra
