2127 3775
222 175 248 204 X

222 280 340 341 scio
361 326 375 351 ‚
430 300 526 338 me
562 280 739 337 nimis
778 265 1134 338 affirmative
1171 298 1302 337 rem
1337 277 1585 338 dubiam
1618 280 1891 363 proferre
1914 326 1929 353 ,
1975 292 2038 340 et

224 393 351 452 dari
394 393 641 471 insuper
671 391 798 450 sine
831 393 999 472 praxi
1031 393 1341 452 theoriam.
1399 394 1572 471 Quod
1607 394 1872 473 primum
1906 395 2037 452 atti-

222 518 355 576 net,
397 524 519 560 non
554 503 810 583 amplius
851 503 1001 561 mihi
1040 503 1286 586 quidem
1318 526 1412 562 res
1438 505 1621 563 dubia
1655 518 1761 567 est.
1814 509 2038 565 Secun-

221 616 367 674 dum
400 636 595 674 meam
627 617 785 673 enirn
831 601 1175 698 opinionem
1214 617 1509 698 principia
1543 617 1811 676 methodi
1838 618 2041 697 physi-

221 725 614 786 cohistoricae
654 727 718 785 in
757 727 991 806 plantas
1039 729 1324 808 applicari
1362 741 1647 808 possunt,
1707 742 1766 788 et
1819 728 2043 789 debent

219 841 487 898 construi
521 862 694 920 posse
725 840 1057 899 secundum
1088 864 1284 900 meam
1326 844 1668 923 opinionem
1705 864 1879 901 verae
1912 865 2045 923 spe-

219 954 333 1011 cies
359 952 943 1033 physicohistoricae.
997 955 1316 1034 Supposita
1346 955 1488 1012 hinc
1528 955 1918 1034 possibilitate
1952 957 2046 1013 in-

222 1068 498 1126 veniendi
538 1069 760 1148 species
796 1088 966 1126 veras
999 1068 1556 1147 physicohistoricas
1579 1116 1592 1140 ,
1653 1067 1740 1145 (et
1785 1090 1893 1127 cur
1921 1090 2043 1127 non

221 1201 556 1261 supponam
576 1227 590 1252 ,
632 1180 771 1239 licet
804 1179 1052 1238 eandem
1082 1179 1210 1237 aliis
1244 1179 1632 1258 negantibUS,
1677 1203 1814 1238 cum
1845 1194 2048 1239 tamen

223 1294 284 1350 in
313 1294 699 1373 mineralogia
725 1293 1182 1358 constructionis
1208 1291 1567 1372 possibilitas
1590 1291 1776 1351 fuerit
1804 1271 2048 1352 demon-

224 1419 442 1477 strata,
483 1407 548 1465 in
579 1428 697 1488 qua
730 1406 948 1477 minUS,
983 1427 1164 1487 quam
1202 1405 1264 1462 in
1294 1406 1538 1464 caeteris
1566 1405 1665 1462 illa
1706 1418 2053 1485 exspectan-

223 1519 298 1578 da
324 1518 536 1580 fuisset
559 1556 638 1566 --
665 1541 775 1578 nec
801 1517 944 1596 fuit>
990 1516 1399 1576 definitionem
1431 1518 1741 1575 botanicae
1778 1540 1887 1575 nec
1924 1539 2046 1575 non

224 1632 583 1712 integrantia
614 1632 783 1712 quasi
810 1633 1003 1711 capita
1038 1629 1243 1689 eadem
1279 1621 1508 1688 ratione
1540 1651 1605 1688 ac
1634 1630 1697 1686 in
1732 1630 2055 1688 mineralo-

228 1746 322 1825 gia
346 1744 572 1802 factum
599 1743 737 1813 fuit,
766 1740 983 1800 deduci
1009 1765 1198 1821 posse,
1236 1746 1513 1824 opinatus
1541 1766 1720 1803 eram.
1770 1744 2054 1820 Qualem-

226 1879 469 1937 cunque
495 1856 636 1913 hinc
664 1854 954 1912 benevole
980 1854 1165 1913 lector
1191 1856 1373 1914 talem
1395 1856 1853 1914 affirmationem
1885 1857 1967 1914 ita
1991 1858 2053 1915 in

229 1982 431 2027 mente
465 1968 743 2037 invertaS,
778 1987 842 2024 ac
872 1967 920 2024 si
947 1980 1211 2026 sonaret:
1241 1970 1546 2045 Quatenus
1575 1969 1637 2026 in
1667 1968 2055 2048 mineralogia

232 2079 554 2139 methodus
584 2078 1127 2158 physicohistorica
1154 2080 1497 2159 postulavit,
1539 2081 1771 2140 invenit
1795 2073 1853 2146 'et
1880 2102 2055 2160 prae—

232 2193 385 2252 stitit
410 2191 526 2250 hoc
559 2203 623 2253 et
663 2191 777 2249 hoc
797 2237 810 2262 ,
869 2192 1047 2249 simili
1085 2191 1148 2248 in
1188 2214 1328 2250 casu
1367 2192 1581 2249 similia
1611 2214 1707 2249 me
1740 2191 1951 2270 opinor
1983 2191 2056 2248 il-

233 2308 354 2365 lam
393 2304 523 2363 fore
551 2305 975 2384 praestituram
1006 2305 1069 2361 in
1100 2304 1388 2363 botanica.
1447 2305 1598 2362 Hinc
1641 2303 1726 2361 ibi
1766 2304 1813 2360 si
1856 2303 2059 2362 fuerat

231 2417 671 2497 Terminologia
705 2440 755 2477 e.
786 2437 873 2495 gr.
909 2415 1177 2474 doctrina
1204 2415 1581 2495 qualitatum,
1626 2437 1676 2473 e.
1707 2437 1754 2477 s,
1786 2436 1844 2493 p.
1878 2416 2054 2473 etiam

234 2531 366 2604 hic;
395 2563 470 2578 -
503 2552 655 2613 quae
686 2528 1013 2588 verborum
1037 2528 1318 2586 continua
1348 2527 1626 2608 repetitio
1654 2527 1894 2585 omnino
1925 2527 2057 2609 qui-

238 2643 377 2701 dem
416 2642 626 2702 lectori
661 2641 857 2700 taedia
895 2654 1195 2714 moveret,
1249 2640 1351 2700 sed
1398 2663 1465 2700 eo
1505 2639 1705 2698 minus
1750 2637 2056 2719 superflua

239 2757 338 2815 hic
368 2756 502 2815 talis
528 2754 855 2827 annotatiO,
893 2777 970 2813 ne
1001 2755 1355 2835 opinionum
1378 2752 1554 2812 nimis
1582 2774 1821 2812 severus
1847 2751 2052 2832 judeX,

238 2869 427 2929 lector
463 2869 782 2940 benevole,
828 2867 1051 2928 evadas.

405 2998 714 3059 Secundae
756 3011 956 3058 autem
1003 2996 1372 3057 difficultatis
1409 2997 1658 3056 remotio
1698 2996 1873 3075 longe
1919 2993 2058 3052 alias

245 3110 586 3189 plantarum
617 3107 997 3190 cognitiones,
1040 3132 1181 3193 opes
1209 3122 1269 3169 et
1289 3122 1558 3190 tempora
1594 3107 1832 3188 expetit,
1877 3125 2057 3186 qulam

249 3244 400 3305 quae
438 3223 657 3282 horum
690 3223 836 3283 mihi
876 3206 1146 3284 concessa
1187 3222 1454 3283 fuerunt.
1499 3223 1691 3304 Ipsam
1725 3228 1925 3279 autem
1957 3238 2057 3295 ap-
