2127 3775
219 305 287 356 46

225 430 486 484 Existunt
528 428 887 493 Gentianeae,
925 442 1033 476 non
1074 424 1367 496 exprimat,
1415 433 1669 478 naturam
1712 422 2063 493 GentianeaS,

227 535 332 590 qua
367 524 634 567 certarum
665 511 971 584 plantarum
1001 510 1337 582 complexum
1373 509 1714 582 produxisse,
1752 510 1840 561 sed
1876 508 2068 561 nonni-

227 602 296 668 si,
336 602 569 652 existere
610 599 867 667 plantas,
919 617 1056 669 quas
1095 599 1239 647 inter
1283 616 1340 647 se
1380 596 1701 659 similiores,
1749 615 1910 664 quam
1949 615 2071 649 cum

228 687 472 740 omnibus
499 685 621 735 aliis
650 703 799 735 mens
826 683 1075 735 observet
1087 708 1106 750 ,-
1147 682 1271 733 binc
1298 681 1397 732 sub
1426 682 1520 732 illo
1549 680 1913 733 similitudinis
1919 683 2074 746 prin-

231 773 371 839 cipio
411 773 465 822 in
499 771 1024 840 unam'eandemque
1062 786 1232 835 supra
1263 768 1596 819 individuam
1638 766 1865 835 colligat
1901 769 2076 818 unita-

225 867 329 910 tem
355 856 928 926 physicohistoricam.1
969 853 1081 903 Hae
1116 871 1244 924 ergo
1288 851 1428 903 inter
1469 851 1750 904 individua
1790 850 1948 924 regni
1982 870 2071 903 ve-

225 942 474 1016 getabilis
504 942 685 993 locum
720 939 974 993 habentes
1010 939 1323 1009 relationes,
1374 939 1568 991 dehent
1606 938 1824 1011 agnosci
1865 958 1965 1012 pro
2000 938 2074 989 fa-

228 1028 323 1080 ctis
346 1026 870 1100 physicohistoricis,
910 1046 1190 1099 nunquam
1230 1025 1590 1091 invertendis,
1629 1043 1765 1096 quae
1803 1043 1932 1097 ergo
1957 1043 2077 1097 per·

229 1114 405 1167 tinent
433 1114 500 1164 ad
528 1112 805 1165 historiam
832 1113 1132 1165 naturalem
1176 1120 1413 1163 summae
1443 1112 1500 1164 in
1531 1110 1619 1164 illa
1655 1110 1943 1182 dignitatis

365 1197 608 1249 Unitates
638 1196 765 1249 hinc
799 1217 957 1270 supra
998 1197 1224 1270 speciem
1264 1201 1420 1251 unice
1456 1195 1832 1248 Similitudinis
1873 1196 2075 1269 princi·

234 1284 313 1359 pii
351 1283 705 1356 applicatione
739 1282 968 1356 produci
1005 1292 1222 1356 possunt
1247 1314 1315 1322 —-
1344 1282 1492 1334 aliud
1537 1303 1647 1334 non
1681 1283 1852 1334 existit
1881 1292 1929 1335 et
1970 1302 2080 1335 non

234 1370 414 1423 minus
445 1390 475 1421 a
517 1379 745 1437 natura>
793 1388 956 1441 quam
1000 1368 1439 1440 praecedentium
1479 1367 1763 1441 applicatio
1801 1365 2080 1418 confirma-

232 1455 401 1508 bituri
438 1455 652 1507 Judicia
687 1455 750 1506 de
782 1454 1130 1506 similitudine
1174 1473 1284 1504 non
1329 1453 1547 1527 quidem
1586 1473 1684 1526 per
1716 1463 1864 1505 notas
1899 1453 2081 1525 singu·

232 1541 307 1592 las
354 1551 405 1594 et
446 1540 688 1593 notiones
730 1538 900 1608 fiunt,
938 1570 1005 1578 -
1032 1539 1135 1591 hoc
1174 1549 1352 1591 autem
1382 1540 1521 1592 valet
1533 1578 1550 1607 9
1591 1540 1717 1613 quia
1748 1538 2081 1613 principium

231 1628 410 1702 ipsum
456 1644 567 1679 non
611 1646 707 1700 per
750 1625 986 1698 singulas
1027 1634 1176 1676 notas
1213 1624 1474 1697 applicari
1516 1634 1683 1697 potest
1722 1656 1789 1664 —-
1829 1634 1904 1676 est
1936 1624 2082 1675 enim

231 1735 340 1768 non
370 1716 736 1769 determinans
767 1710 1254 1778 [bestimrnendes]>
1302 1710 1392 1761 sed
1429 1709 1644 1761 nonnisi
1677 1713 1879 1763 ducens
1919 1727 1970 1764 s.
2002 1729 2085 1762 re-

224 1803 529 1873 gulalivum
597 1797 898 1859 (leitendes)
991 1795 1323 1869 principium
1369 1812 1439 1835 ..;.
1488 1795 1617 1848 hinc
1690 1815 1865 1869 neque
1915 1794 2085 1846 notio·

237 1908 347 1956 nes,
380 1888 468 1938 sed
492 1884 709 1938 nonnisi
740 1883 890 1934 ideae
936 1884 1048 1955 ejus
1077 1882 1266 1935 sistunt
1295 1883 1576 1955 producta:
1609 1881 1659 1932 A
1684 1882 1862 1934 valore
1905 1891 2085 1933 autem

238 1993 333 2025 suo
405 1969 681 2024 communi
754 1968 946 2020 exinde
1012 1988 1351 2041 nequaquam
1409 1968 1500 2019 illa
1565 1966 1767 2038 judicia
1819 1968 2084 2039 perdunt,

232 2078 407 2133 neque
441 2060 603 2111 unica
633 2065 786 2122 sunt,
826 2073 963 2127 quae
996 2054 1108 2105 sine
1145 2053 1455 2106 notionibus
1494 2053 1775 2121 feruntur,
1817 2063 1866 2106 et
1905 2064 2085 2106 tamen

238 2164 585 2198 communem
619 2142 858 2194 valorem
902 2140 1102 2192 habent
1138 2172 1207 2180 —
1236 2144 1356 2192 sunt
1396 2140 1497 2191 alia
1534 2160 1748 2213 quoque
1789 2139 1872 2192 uti
1915 2159 1958 2191 e.
2003 2159 2085 2213 gr.

238 2231 537 2284 oesthetica
581 2247 674 2278 seu
721 2227 782 2278 de
828 2224 1058 2298 pulchro
1113 2235 1161 2277 et
1207 2225 1611 2298 pulchritudine
1643 2225 1861 2299 judicia.
1912 2226 2086 2277 Nemo

240 2315 418 2368 adhuc
463 2313 677 2386 regulas
720 2312 894 2379 dedit,
943 2311 1239 2362 secundum
1274 2319 1402 2384 quas
1441 2311 1733 2384 pulchrum
1767 2311 2090 2384 producitur

234 2421 329 2454 seu
355 2399 717 2472 dijudicatur,
757 2408 807 2449 et
833 2407 1010 2450 tamen
1042 2397 1351 2470 quicunque
1394 2397 1652 2449 aesthesin
1666 2396 1827 2448 habet
1855 2397 1890 2448 i.-
1918 2417 1962 2448 e.
1995 2399 2091 2467 qui

246 2488 382 2540 talia
405 2487 614 2551 judicia
612 2486 756 2551 sert,
778 2483 872 2557 qui
888 2482 1094 2535 ferendi
1124 2481 1283 2535 habet
1314 2482 1636 2551 facultatem,
1653 2503 1805 2536 saum
1823 2484 2089 2550 judiciam

235 2591 344 2643 pro
377 2590 508 2623 vero
541 2570 738 2622 haberi
765 2572 963 2641 poscit.
1013 2570 1080 2620 Et
1110 2568 1212 2620 hoc
1244 2570 1493 2641 supponit
1521 2569 1722 2621 fontem
1761 2568 1912 2641 quasi
1949 2588 2088 2619 com·
2126 2557 2127 2609 l

239 2676 490 2724 munem,
531 2674 595 2707 ex
634 2674 741 2730 quo
784 2653 917 2707 haec
955 2654 1159 2728 judicia
1201 2653 1456 2707 oriuntur
1493 2665 1542 2707 et
1570 2655 1806 2708 valorem
1849 2672 2088 2706 commu-

241 2763 368 2795 nem
407 2740 694 2814 recipiunt.

384 2829 667 2882 Aes-thesis
699 2837 878 2879 autem
904 2845 1012 2878 non
1051 2829 1268 2899 acquiri
1298 2848 1334 2880 s,
1371 2829 1562 2880 doceri
1591 2835 1792 2899 potest,
1831 2826 1919 2878 sed
1956 2844 2088 2877 non-

243 2914 348 2968 nisi
385 2915 630 2979 incitari‚
667 2915 945 2978 exerceri,
987 2913 1180 2966 excoli.
1233 2913 1434 2964 Eadem
1471 2911 1582 2963 fere
1623 2912 1830 2965 ratione
1871 2931 1974 2964 sese
2009 2913 2090 2984 ju-

246 3000 386 3053 dicia
421 3000 487 3050 de·
514 2998 864 3049 similitudine
894 2996 1108 3050 habent.
1147 2999 1379 3051 Indolem
1417 2998 1745 3070 peculiarem
1773 3007 2088 3071 exposcunt,

249 3106 386 3161 quae
419 3105 529 3136 non
569 3083 871 3155 compa-rari
904 3094 954 3136 et
999 3080 1384 3136 communicari
1427 3094 1622 3156 potest,
1661 3086 1751 3137 sed
1784 3082 2004 3136 excitari
2041 3092 2091 3134 et

251 3191 350 3245 per
385 3171 526 3222 bona
572 3168 808 3241 exempla
846 3168 1012 3220 excoli
1037 3206 1055 3236 9
1110 3169 1199 3221 cui
1247 3179 1426 3221 autem
1461 3169 1677 3221 illorum
1713 3178 1904 3241 negata
1940 3167 2090 3219 indo-

247 3250 353 3324 les,
402 3255 491 3306 illa
527 3255 682 3328 plane
720 3263 842 3306 sunt
875 3250 1307 3326 inintelligibilia.
1348 3255 1453 3306 Sed
1485 3274 1552 3306 ne
1595 3255 1712 3329 quis
1756 3254 1968 3327 regulas
2005 3273 2089 3305 ex·

250 3341 463 3409 hiberi,
501 3350 796 3414 exspectet,
839 3359 1118 3413 nunquam
1154 3339 1435 3408 valebunt,
1489 3351 1541 3394 et
1578 3340 1936 3413 experimenta
1985 3337 2087 3389 fre.-

260 3437 483 3502 quenter
511 3426 749 3481 instituta
789 3425 1122 3481 abundantes
1171 3426 1555 3495 demonstrant,
1592 3444 1691 3480 nec
1725 3444 1974 3499 unquam
2001 3443 2088 3476 va-
