2127 3775
230 225 263 271 :c

197 228 226 275 [x

1958 342 2029 604 Stigmata
1980 647 2030 697 ὅ.
1981 739 2016 920 recur-
1962 955 2035 1145 Stgmt.
1984 1194 2036 1242 5.
1986 1292 2020 1532 recurva.
1967 1578 2038 1774 -Stgtnh
1988 1810 2039 1856 5.
1967 1898 2042 2165 patentia3
1966 2216 2041 2794 Stgmt.5.latiuscula,
1969 2835 2041 3024 Stgmt.
1987 3050 2039 3411 5.latz'ascala

1871 446 1946 821 vatopaten'tia,
1883 1677 1934 2062 nonnunquam
1903 2089 1955 2167 bi·
1881 2336 1944 2797 recurvatopaten-
1903 2936 1936 3175 recurva.

1817 1689 1870 1812 fida.
1828 2059 1833 2062 ι
1815 2337 1867 2425 tia.

1703 345 1775 572 Capsula
1723 650 1777 924 turbinata
1705 959 1780 1113 Caps.
1728 1176 1779 1536 membranac.
1710 1590 1782 1744 CaPS.
1730 1777 1782 2122 szzbrotunda.
1708 2218 1784 2373 Caps.
1715 2412 1782 2672 rotunda,
1728 2726 1770 2797 to·
1711 2833 1787 3062 Capsula
1710 3140 1785 3367 oblonga
1714 3397 1742 3411 5,

1619 443 1690 924 trilohatotrigona.
1638 1061 1689 1329 sabovata.
1645 2321 1695 2514 rulosa.
1625 2934 1696 3124 5gona.

1552 344 1603 563 Semina
1531 601 1584 771 pauca
1531 817 1603 927 glo·
1552 963 1602 1104 Sem.
1532 1144 1605 1375 globosa.
1557 1592 1607 1732 Sem.
1538 1764 1612 2099 subglohosa.
1538 2219 1607 2543 Sem.pauca
1543 2560 1611 2797 baccata,
1559 2834 1610 2974 Sem.
1559 3009 1611 3159 alata.

1466 448 1517 592 bosa.
1452 2320 1524 2589 angulata.
1522 2664 1525 2666 ’

1329 511 1379 632 Non
1328 663 1380 886 faustius
1308 915 1381 1180 judicium
1331 1209 1383 1440 feremus
1332 1470 1382 1533 de
1311 1567 1385 2013 expressionibus,
1312 2051 1366 2185 quae
1314 2212 1366 2308 per
1333 2334 1385 2562 rationes
1314 2589 1388 2978 magnitudinis
1336 3010 1378 3058 et
1317 3087 1390 3415 frequentiae

1221 343 1293 699 distinguunt.
1243 747 1293 827 Ne
1243 872 1284 1048 autem
1222 1083 1296 1199 quis
1224 1231 1296 1514 opinetur,
1247 1566 1277 1651 me
1230 1692 1296 2043 contendere,
1228 2095 1296 2475 magnitudinis
1247 2518 1297 2881 diversitatem
1250 2928 1283 3038 non
1235 3073 1302 3414 distinguere.

1155 341 1205 454 Imo
1167 486 1174 551 -
1137 570 1205 823 perbene.
1158 858 1190 900 e.
1137 931 1189 1010 gr.
1159 1051 1209 1109 Si
1159 1135 1210 1264 duos
1159 1285 1209 1512 calamos
1159 1541 1211 1852 stramineos
1146 1882 1214 2072 habeo,
1145 2111 1194 2340 quoram
1163 2371 1195 2471 sex
1148 2492 1215 2722 pollices
1151 2757 1196 2910 anas,
1149 2951 1207 3152 septem
1169 3179 1220 3318 alter
1169 3344 1209 3423 est

1050 344 1117 568 longas,
1048 607 1121 804 optime
1072 839 1123 953 illos
1052 979 1103 1077 per
1073 1102 1124 1194 hos
1073 1225 1105 1477 numeros
1056 1517 1126 1844 distinguam
1059 1857 1106 1872 3
1077 1913 1118 1961 et
1078 2003 1128 2139 duae
1057 2165 1129 2374 plantae
1078 2408 1121 2677 caeterum
1060 2710 1132 2984 aequales,
1061 3034 1116 3267 quarum
1086 3312 1117 3420 una

967 344 1014 462 sex,
963 510 1024 709 septem
985 741 1026 919 autem
985 952 1036 1112 altera
988 1138 1038 1289 flores
972 1322 1038 1503 offert,
967 1552 1039 1746 optime
990 1787 1031 1836 et
990 1874 1042 2205 securissime
971 2239 1044 2647 distinguendae
980 2678 1037 2861 erunt,
996 2898 1048 3059 unice
977 3085 1031 3183 per
999 3214 1041 3420 utrum-

876 344 928 446 que
897 485 928 775 numerum
898 810 928 851 e.
898 885 928 922 s.
877 953 928 1004 p.
897 1058 947 1168 Sed
899 1200 930 1326 nam
885 1363 950 1498 hae,
884 1548 949 1865 interrogo,
902 1914 943 2039 sant
887 2071 958 2410 differentiae
888 2439 965 3018 phy-sz'eohisloricae?
913 3064 943 3135 an
912 3179 944 3247 ea:
897 3273 963 3422 prin-

794 346 860 495 cipiis
810 524 850 756 naturae
810 794 863 1054 historiae
794 1091 861 1352 distingui
797 1382 853 1614 possunt
815 1640 846 1733 sea
816 1768 850 1946 nonne
801 1967 868 2149 potius
803 2179 852 2283 per
821 2313 871 2452 illud
808 2477 874 2924 homogeneitatis
826 2958 882 3269 tollantur?
829 3302 881 3420 Do-

725 346 775 558 lendam
710 593 767 750 certe,
727 789 776 833 si
727 864 777 921 in
725 953 775 1286 eruditorum
707 1315 779 1565 operibus
709 1597 783 1898 saepissime
712 1923 787 2334 longitudinem,
717 2373 791 2824 magnitudinem,
741 2862 796 3199 latitudinem
746 3229 777 3269 e.
746 3303 776 3340 s.
726 3368 778 3418 p.

639 349 692 770 characteristico
641 798 692 1062 adhibitas
638 1093 692 1395 invenimus
625 1414 656 1430 ,
642 1470 693 1758 dolendam
645 1782 695 1825 si
624 1847 698 2083 partium
649 2110 701 2302 harum
630 2334 702 2674 singularum
654 2704 705 2771 ad
633 2794 707 3011 pollices
657 3039 698 3089 et
659 3113 710 3278 lineas
660 3309 693 3421 arc-

555 349 606 544 tissime
552 590 594 638 et
553 675 604 1029 minutissime
535 1065 607 1459 longitudinem
557 1489 599 1537 et
558 1576 610 1914 latitudinem
560 1955 591 1996 e.
561 2035 592 2073 s.
542 2103 593 2153 p.
564 2199 606 2465 enarratas
552 2516 618 2791 videmus,
556 2840 621 3166 dolendam,
574 3213 626 3311 ubi
576 3347 626 3421 di-
611 3454 614 3457 '

468 350 519 651 stincti0nes
446 679 517 934 legimus,
468 975 518 1054 uti
448 1087 510 1378 sequentes,
448 1416 502 1546 quas
473 1579 503 1686 non
457 1717 514 1938 vertam,
475 1977 505 2043 ne
476 2077 526 2133 in
476 2162 508 2308 meae
478 2347 531 2634 sententiae
459 2666 532 2895 gratiam
484 2925 536 3187 addidisse
487 3220 539 3417 videar.

381 516 435 659 Cette
361 696 433 1008 Sisyrinche
361 1046 432 1342 longtenips
382 1389 435 1686 confondue
384 1725 418 1850 avec
388 1882 438 1929 le
389 1964 437 2016 S.
387 2049 442 2328 tranchant
391 2362 423 2428 en
393 2463 444 2646 differe
395 2678 447 3058 certainement
377 3086 431 3182 par
400 3210 432 3286 ses
380 3309 433 3420 spa-

297 349 350 461 thes
281 484 348 610 plus
280 637 336 874 courtes,
274 913 327 1014 que
298 1047 346 1117 les
282 1150 348 1344 fleurs,
277 1392 329 1488 par
299 1532 329 1587 sa
279 1623 351 1730 lige
299 1766 350 1942 moins
302 1984 355 2265 sortement
285 2294 357 2649 comprimee,
288 2696 341 2793 par
311 2828 342 2904 ses
311 2938 363 3139 feuilles
297 3167 364 3294 plus
316 3321 366 3421 lar-

192 350 243 470 ges,
191 508 243 605 par
211 643 242 718 ses
210 749 261 906 flours
190 942 260 1058 plus
190 1092 263 1318 grandes
196 1339 225 1354 ,
193 1392 263 1690 melangees
213 1726 267 1789 de
214 1813 266 1941 lileu
215 1972 258 2019 et
195 2043 265 2232 jaune,
202 2272 270 2446 enlin,
219 2485 263 2559 est
219 2587 272 2681 elle
202 2714 275 2965 indigene
226 2995 276 3119 d'an
212 3143 261 3295 pays
211 3323 283 3422 dif-
