2127 3775
1859 221 1927 274 57

90 351 253 409 inter
310 349 356 408 S
344 355 770 431 ystemaciccem
833 363 888 412 ec
956 351 1516 412 Chat-acteriuieam
1592 346 1929 416 distinctae,

90 467 459 528 quamquam
485 447 732 506 concedi
766 447 984 507 debeat
1006 496 1021 525 ,
1070 468 1201 506 rem
1225 469 1346 504 non
1379 448 1574 503 minus
1580 443 1784 522 facile
1803 464 1928 501 esse

90 540 164 598 ad
188 543 759 620 praeles-wiclendmn
783 592 796 617 ,
857 566 1039 625 quam
1072 543 1146 602 ad
1184 540 1655 621 intelligendam.
1689 539 1929 597 Habent

90 648 292 695 autem
323 659 449 699 sese
469 639 744 710 invicem,
778 652 846 696 ut
871 639 1038 697 ideae
1063 661 1188 696 sese
1215 638 1445 696 habent
1471 659 1608 715 erga
1635 635 1930 693 notiones,

88 731 380 814 Exempla
409 756 538 792 rem
573 733 904 793 dilucidare
938 747 1253 792 conentur.

257 863 315 913 Si
346 863 534 913 vellem
566 862 702 913 mihi
732 863 1027 935 producere
1050 866 1226 914 ideam
1267 863 1569 912 intuitio-am
1614 861 1935 914 Gentianea-

94 966 212 998 ram
243 957 291 1000 et
319 947 374 999 in
410 948 555 999 hunc
589 946 752 999 finem
774 948 1022 1000 omnium
1064 947 1505 1014 individuorum,
1560 947 1658 997 sul)
1703 946 1802 998 hoc
1846 967 1935 998 no-

89 1032 235 1083 mine
264 1034 696 1102 occurrentium,
719 1044 869 1087 notas
898 1054 1208 1087 communes
1231 1033 1556 1104 colligerem,
1594 1042 1642 1083 et
1672 1052 1766 1103 per
1784 1034 1935 1083 illam

84 1138 227 1171 nanc
245 1120 588 1188 singularam
607 1124 852 1174 omnibus
871 1133 1048 1174 autem
1063 1123 1424 1174 communiam
1453 1131 1707 1172 nolarum
1736 1120 1931 1172 collec-

88 1206 285 1256 tionem
306 1204 481 1256 ideam
515 1207 938 1259 Gentianearum
970 1207 1264 1280 quaesitam
1287 1205 1855 1279 exprimiaffirmarem
1872 1237 1936 1244 -—

86 1290 195 1360 jam
215 1287 715 1344 Characteristicam
743 1313 867 1344 cum
905 1293 1254 1364 Systematica
1285 1290 1612 1344 commutavi
1648 1301 1697 1342 et
1724 1291 1939 1342 alterius

85 1375 246 1426 altera
274 1396 470 1427 munus
487 1378 730 1450 suscepit.
766 1379 863 1428 Per
881 1378 993 1428 illas
1012 1378 1170 1429 lectas
1189 1387 1338 1429 notas
1357 1397 1665 1430 communes
1682 1379 1935 1430 notiones

89 1461 372 1532 (Begriffe)
401 1464 619 1535 quidem
652 1463 920 1531 oriuntur,
950 1464 1040 1514 sed
1065 1464 1242 1514 nullae
1271 1467 1426 1516 ideae
1454 1462 1937 1534 (Vorslellungen).

89 1548 442 1619 Systematica
479 1559 655 1600 autem
684 1549 900 1600 nonnisi
927 1569 1041 1600 rem
1066 1548 1228 1602 habet
1256 1570 1381 1601 cum
1412 1549 1544 1600 ideis
1597 1548 1862 1599 intuitivis
1894 1558 1942 1599 et

88 1633 227 1684 nihil
257 1634 404 1684 aliud
434 1634 594 1686 simul
623 1637 733 1706 ejus
761 1635 991 1688 unitates
1033 1636 1249 1703 sistunt,
1303 1656 1465 1708 quam
1504 1635 1687 1701 ideaS,
1737 1644 1786 1685 et
1823 1654 1942 1706 pro-

91 1719 273 1771 ductio
305 1740 491 1770 earum
535 1722 806 1774 unitatum
847 1724 1051 1774 nullam
1097 1722 1259 1774 habet
1305 1721 1710 1786 difficultatem,
1759 1740 1943 1792 quain-

88 1826 249 1879 quam
283 1805 397 1856 sine
441 1811 754 1870 notionibus
778 1808 869 1878 fit,
909 1820 958 1862 et
987 1829 1172 1860 earum
1199 1808 1479 1861 veritatem
1513 1806 1836 1857 demonstrat
1854 1825 1943 1856 na-

89 1901 225 1944 tura.
275 1891 379 1941 Sed
414 1889 512 1941 hae
561 1891 703 1963 ipsae
748 1892 1009 1959 unitates,
1062 1896 1189 1964 qaia
1227 1904 1352 1944 sant
1389 1895 1545 1944 ideae
1592 1922 1659 1931 —-
1700 1893 1942 1958 objecta,

89 1976 267 2049 (quasi
292 1976 643 2035 substratum)
660 1998 768 2046 pro
809 1974 1541 2045 notionibasfieripossunt,
1579 1996 1809 2048 quarum
1825 1996 1944 2048 pro-

91 2061 273 2112 ductio
307 2081 439 2132 opus
468 2059 962 2114 Characteristicae.
1002 2064 1100 2114 Per
1129 2066 1279 2116 ideas
1324 2066 1604 2115 intuitivas
1625 2063 1830 2134 objecta
1865 2081 1943 2112 re-

88 2156 527 2219 praesentantur,
568 2147 940 2220 depinguntur
983 2180 1052 2188 —
1094 2151 1503 2217 adspiciuntur,
1557 2167 1654 2219 per
1692 2150 1945 2200 notiones

89 2243 268 2285 autem
297 2233 736 2304 distinguuntur,
769 2244 1173 2306 cognoscuntur
1214 2266 1283 2275 —-
1324 2238 1659 2303 cogitantur.
1710 2233 1800 2284 sic
1843 2233 1943 2284 sub

90 2318 307 2369 nomine
337 2318 791 2386 Gentianearum,
831 2340 935 2392 qua
965 2319 1183 2370 unitatis
1223 2320 1622 2390 systematicae,
1675 2319 1732 2369 in
1777 2318 1944 2391 phan-

96 2403 226 2455 [asia
252 2403 433 2455 volitat
463 2405 764 2456 communis
791 2407 1040 2456 omnibus
1074 2405 1235 2476 hujus
1268 2405 1501 2457 nominis
1530 2405 1724 2477 plantis
1743 2405 1942 2478 imago,

92 2488 225 2562 quin
278 2508 444 2539 unam
511 2492 800 2542 alteramve
845 2492 1267 2565 proprietatum,
1312 2500 1529 2564 propter
1565 2511 1729 2564 quam
1774 2502 1942 2544 essent

23 2634 32 2639 ‚
96 2575 423 2628 Gentianeae
443 2612 457 2641 ,
497 2578 877 2648 respiciamus,
918 2588 967 2631 et
1000 2577 1131 2629 haec
1160 2577 1410 2629 omnibus
1436 2578 1736 2629 communis
1761 2578 1943 2651 imago

94 2671 169 2713 est
202 2664 325 2714 idea
365 2662 787 2717 Gentianearam
812 2668 1081 2720 ihtuiliva.
1133 2665 1192 2716 Si
1232 2677 1409 2718 autem
1454 2665 1668 2716 dixero:
1726 2665 1942 2718 Gentia-

94 2769 231 2801 ueae
253 2759 404 2801 sunl:
443 2747 917 2817 Dc'colyledones,
956 2770 1201 2817 amarae,
1242 2752 1835 2822 monopelalae,fl0re
1862 2771 1944 2803 re-

91 2835 306 2903 gulari,
354 2834 561 2887 Ovario
594 2848 745 2888 1—2
771 2835 1034 2900 Ioculari,
1050 2835 1212 2903 flore
1238 2838 1522 2889 imbricato
1544 2876 1560 2900 ,
1606 2857 1943 2890 marcescen-

96 2930 177 2983 te,
215 2939 438 2972 numero
469 2924 727 2973 seminam
745 2923 1185 2988 indeterminato,
1208 2919 1412 2990 sraela
1441 2921 1941 2993 capsular1'‚fol1’125

97 3007 455 3072 ebraeteatis,
508 3009 767 3077 integris3
822 3006 950 3058 haec
994 3017 1070 3058 est
1123 3004 1385 3075 definitio,
1441 3011 1590 3062 notio
1634 3009 1940 3082 gentianea-

96 3110 247 3157 rum,
286 3110 380 3162 per
404 3111 565 3163 quam
599 3091 712 3143 illas
737 3092 1097 3164 distinguere,
1139 3112 1489 3166 cognoscere,
1529 3098 1777 3165 cogitare
1804 3095 1938 3147 mihi

97 3187 298 3248 potero,
330 3178 419 3227 sed
446 3197 553 3229 non
585 3177 800 3231 intueri.
841 3177 912 3230 Ut
939 3188 1118 3230 autem
1145 3178 1315 3252 magis
1345 3178 1522 3231 adhuc
1549 3179 1606 3230 in
1636 3181 1815 3232 oculos
1857 3200 1939 3232 ca-

101 3260 218 3329 dat,
255 3262 395 3314 inter
422 3261 597 3314 ideam
629 3273 678 3316 et
707 3263 982 3316 notionem
1012 3262 1339 3332 differentia,
1376 3267 1432 3316 in
1463 3264 1659 3318 charla
1687 3269 1791 3319 sibi
1818 3269 1936 3338 qais

104 3349 341 3418 designet
364 3349 615 3418 plantam
640 3354 933 3405 secandam
961 3362 1295 3404 memor-alas
1323 3353 1485 3405 modo
1514 3363 1678 3406 notas
1706 3371 1830 3404 cum
1849 3351 1939 3402 illa

1514 3436 1545 3484 5
1584 3435 1610 3462 *
