2127 3775
177 227 246 278 80

177 351 365 423 gisque
398 350 680 422 participes
711 346 864 398 fiunt.
925 344 1006 396 Ex
1040 344 1130 395 illo
1152 343 1313 396 simul
1347 341 1657 394 immediato
1702 340 1841 393 inter
1880 338 2017 391 Cha-

176 435 553 486 racteristicam
582 443 631 483 et
661 430 1070 502 Systematicam
1091 450 1232 481 nexu
1260 429 1464 501 prodit,
1495 426 1885 478 emendationes
1918 429 2015 498 Sy-

174 520 476 571 stematicac
510 519 565 567 in
601 514 1103 568 Characteristicam
1146 513 1465 565 redundare.
1503 513 1704 565 Nullus
1731 530 1863 579 ergo
1893 513 2016 564 clea-

176 618 362 658 racler
396 615 475 655 est
516 603 894 669 immutabilis,
926 622 1023 654 nec
1077 602 1202 652 talis
1247 602 1571 670 praedicari
1607 600 1842 668 polerit,
1916 600 2025 649 nisi

167 692 484 760 priusquam
515 687 768 756 Syslema
797 707 1056 738 summum
1083 686 1430 757 expolitionis
1473 687 1708 753 gradum
1757 685 2017 752 attigerit.

171 774 229 824 Si
259 772 578 843 cognitionis
605 769 1117 844 physicohistoricae
1146 771 1453 842 plantarum
1488 788 1551 820 ex
1574 789 1683 822 una
1706 780 1899 836 parte,
1955 788 2017 819 ex

171 860 349 911 altera
374 867 550 909 autem
589 877 847 908 numerus
891 858 1197 930 plantarum
1242 857 1601 908 absolutionis
1639 857 1791 908 titulo
1851 854 2017 927 insig-

169 943 279 996 niri
303 954 545 1016 possent3
586 944 935 1016 Systematica
967 954 1016 996 et
1055 940 1499 994 Characteristica
1531 961 1629 1013 pro
1674 939 2016 992 efformandis

169 1030 473 1083 unitatibus
498 1040 547 1083 et
576 1030 978 1084 characteribus
1004 1029 1351 1103 paucissimas
1386 1027 1721 1080 difficultates
1750 1027 2016 1078 offerrent.

175 1253 222 1316 §0
284 1245 376 1303 53.
433 1245 628 1304 Usus
687 1244 1409 1306 Characteristicae
1488 1241 1579 1301 ad
1645 1241 2014 1302 determi-

387 1340 722 1400 nandum
764 1342 1165 1422 singulum
1207 1340 1786 1421 perceptionis.

332 1492 833 1555 Characteristica
859 1490 1274 1551 immediatam
1301 1492 1770 1572 applicationem
1802 1492 1867 1550 in
1897 1493 2017 1551 sin-

171 1591 386 1671 gulum
431 1589 841 1671 perceptionis
884 1587 1104 1660 habet,
1165 1609 1321 1668 quae
1361 1589 1631 1647 consistit
1669 1589 1732 1645 in
1781 1611 1848 1647 eo
1873 1635 1887 1661 ‚
1947 1601 2019 1646 ut

168 1687 234 1747 id
267 1688 576 1766 singulum
607 1686 946 1745 unitatibus
982 1683 1378 1764 systematicis
1415 1683 1881 1758 subordinetur‚
1928 1697 2017 1743 ta-

169 1782 215 1840 li
248 1782 431 1841 modo
465 1781 908 1861 systematicam
951 1780 1066 1838 sibi
1098 1779 1653 1839 denominationem
1686 1780 2014 1839 vindicans,

306 1932 598 2005 Singulum
627 1931 984 2005 perceptionis
1017 1930 1074 1981 in
1112 1940 1305 1983 natura
1348 1929 1481 1982 sistit
1527 1930 1904 1997 individuum3
1955 1929 2014 1980 il-

166 2018 261 2069 lud
303 2038 431 2091 ergo
473 2020 764 2071 unitatibus
820 2021 1188 2088 systematicz's
1224 2019 1486 2082 subjicere
1535 2030 1587 2067 el
1628 2019 2017 2085 systematicae

169 2107 596 2158 denominalz'oni
638 2108 872 2172 jungere
910 2134 980 2142 -—-
1008 2103 1205 2153 dicitur
1245 2102 1589 2153 individuum
1634 2104 2014 2155 determinare.

167 2189 419 2240 Primitus
463 2188 734 2240 individui
783 2187 1058 2259 qualitates
1107 2187 1434 2238 severissime
1479 2198 1602 2239 sunt
1627 2187 2013 2259 inquirendae,

168 2273 241 2324 ita
271 2283 331 2325 ut
362 2273 618 2345 complete
645 2271 875 2322 describi
909 2270 1254 2323 individuum
1297 2272 1490 2344 possit5
1524 2283 1573 2324 et
1613 2273 1861 2324 omnibus
1892 2273 2014 2324 dein

169 2358 466 2410 unitatibus
511 2358 857 2430 systematicis
884 2377 913 2408 a
949 2377 1157 2408 summa
1196 2358 1505 2430 incipiendo
1541 2358 1851 2429 subjicitur,
1890 2379 2013 2410 cum

171 2462 403 2515 quarum
492 2442 891 2495 characteribus
961 2463 1087 2493 suae
1151 2454 1307 2496 notae
1383 2454 1705 2516 congruunt.
1783 2444 2012 2496 Duabus

170 2529 466 2582 unitatibus
499 2532 843 2600 homonymis
877 2530 1061 2581 eodem
1096 2540 1331 2602 tempore
1360 2530 1542 2581 eadem
1569 2531 1747 2601 planta
1778 2530 2010 2581 adscribi

170 2636 277 2667 non
326 2615 547 2688 poterit,
599 2636 708 2667 non
741 2636 868 2689 ergo
911 2616 1117 2666 duabus
1153 2617 1438 2684 classibus,
1474 2615 1680 2666 (luobus
1731 2616 2010 2667 ordinibus

174 2721 215 2751 e.
264 2722 301 2751 s.
345 2722 425 2773 p.,
465 2711 514 2753 et
560 2701 649 2754 vix
690 2701 1019 2752 monendum
1066 2700 1281 2769 fuisset)
1328 2702 1431 2752 nisi
1473 2701 1531 2752 in
1556 2700 1708 2751 libris
1753 2721 1904 2773 saepe
1950 2712 1999 2754 et

173 2787 295 2838 huic
329 2788 492 2839 simul
520 2799 570 2839 et
602 2787 687 2839 illi
718 2790 912 2857 generi
937 2789 1158 2839 eandem
1215 2791 1506 2840 convenire
1543 2787 1819 2854 plantam,
1889 2807 2008 2848 con-

175 2872 505 2940 tenderetur,
577 2873 719 2946 quod
747 2875 952 2926 malam
990 2873 1074 2923 vel
1118 2875 1536 2942 Systemalicctm
1582 2891 1689 2922 esse
1733 2873 1816 2923 vel
1875 2873 2011 2926 Clza-

178 2961 599 3025 raclerislicam‚
651 2959 736 3010 vel
768 2971 1048 3029 atramque
1081 2958 1240 3009 simul
1278 2957 1490 3010 abunde
1522 2957 1738 3010 indicat.
