2127 3775
656 784 1372 874 IntroductiO.

401 1031 444 1089 §.
499 1027 545 1079 1.
605 1022 1094 1105 Anorganica
1138 1039 1210 1084 et
1262 1026 1649 1105 Organica.

108 1158 374 1260 Natura
406 1206 674 1263 noscitur
722 1228 789 1264 ex
845 1207 966 1265 suis
1014 1205 1349 1285 productis.
1396 1206 1501 1264 Illa
1546 1206 1918 1264 existentiam

107 1315 276 1352 suam
327 1296 757 1354 individualem
813 1298 907 1354 vel
968 1299 1170 1376 quiete
1215 1299 1450 1355 interna
1508 1311 1813 1356 reservant
1861 1310 1919 1356 et

108 1403 401 1448 vocantur
452 1394 818 1467 anorganica
849 1435 863 1459 ‚
919 1391 1014 1447 vel
1069 1391 1441 1449 existentiam
1492 1393 1920 1450 individualem

108 1500 278 1543 motu
324 1486 564 1542 interno
612 1482 949 1541 defendunt
995 1495 1052 1542 et
1095 1497 1226 1544 tum
1291 1486 1579 1544 dicuntur
1622 1493 1918 1565 organica.

108 1582 315 1640 Prouti
358 1581 633 1660 organica
681 1581 1100 1640 conscientiam
1143 1595 1203 1640 et
1244 1583 1423 1640 simul
1472 1581 1662 1660 hujus
1709 1582 1919 1662 gradui

109 1675 688 1756 cor-respondentem
718 1688 955 1734 motum
983 1677 1392 1736 voluntarium
1423 1678 1651 1736 habent
1675 1695 1778 1735 scu
1807 1699 1924 1734 non

108 1771 371 1843 habent,
418 1772 511 1830 vel
554 1771 837 1830 animalia
871 1772 967 1832 vel
999 1773 1336 1852 vegetabile&
1372 1774 1678 1832 dicuntur,

244 1866 369 1916 Scio
420 1866 668 1938 equidem
712 1865 804 1917 has
850 1866 1079 1917 mineras
1123 1868 1263 1919 inter
1301 1878 1349 1919 et
1393 1869 1594 1939 plantas
1633 1878 1680 1920 et
1731 1868 1927 1918 anima-

107 1951 176 2002 lia
228 1951 545 2003 differentias
587 1972 694 2015 esse
734 1952 966 2019 easdem,
1020 1972 1150 2025 quae
1191 1973 1252 2004 ex
1276 1953 1515 2006 Linnaei
1544 1956 1650 2025 jani
1695 1963 1927 2023 tempore

110 2045 476 2088 remanserunt
534 2046 582 2087 et
641 2057 745 2088 esse
807 2037 1109 2108 negativam
1178 2038 1388 2088 nonnisi
1453 2037 1930 2089 characteristicum

110 2122 408 2194 plantarum
428 2160 443 2189 ,
480 2132 656 2174 tamen
689 2123 779 2174 vix
810 2123 912 2174 alia
944 2123 1426 2196 hucusqueaiielior
1466 2123 1662 2176 valebit
1695 2122 1930 2174 delinitio

113 2219 160 2261 et
185 2210 546 2262 recentiorum
572 2209 855 2261 sententiae
885 2209 962 2261 uti
991 2228 1032 2259 e.
1065 2229 1142 2281 gr.
1176 2219 1476 2282 sequentes:

282 2311 490 2370 Regnum
519 2309 806 2354 mineralium
837 2318 903 2352 est
931 2324 1124 2368 regnum
1154 2308 1387 2353 varietatis
1420 2307 1697 2361 formarum,

279 2383 485 2442 Regnum
515 2381 839 2441 vegetabilium
868 2389 936 2424 est
963 2395 1154 2440 regnum
1183 2380 1417 2425 varietatis
1448 2381 1716 2440 qualitatum
1735 2414 1746 2433 ,

278 2456 484 2515 Regnum
512 2456 775 2501 animalium
805 2463 874 2498 est
902 2469 1092 2514 regnum
1121 2455 1353 2499 varietatis
1382 2463 1590 2497 motuum
1608 2484 1620 2506 ‚

722 2528 797 2572 hic
828 2527 938 2572 fines
969 2543 992 2570 e
1022 2526 1187 2572 finibus
1217 2527 1390 2586 absque
1421 2527 1520 2571 fine.

222 2618 491 2662 plantarum
515 2616 806 2674 explicationi
837 2615 1155 2674 impedimenta
1192 2615 1374 2660 obstant
1407 2622 1486 2660 aut
1526 2614 1704 2658 interna
1741 2624 1821 2659 aut
1861 2630 1932 2658 ex-

114 2698 269 2746 terna,
300 2690 411 2734 haec
445 2689 492 2731 ni
521 2696 698 2742 essent,
738 2688 978 2733 discrimen
1005 2702 1151 2748 neque
1182 2689 1303 2733 inter
1331 2686 1600 2747 vegetabilia
1632 2696 1675 2729 et
1702 2687 1923 2730 animalia.

248 2764 363 2814 Hae
399 2763 620 2836 inquam
670 2763 957 2815 sententiae
983 2802 998 2831 >
1048 2764 1104 2816 in
1142 2764 1336 2837 quihus
1365 2762 1553 2813 veritas
1592 2771 1639 2811 et
1680 2761 1933 2812 san-acilas

1736 2803 1766 2833 ο

116 2869 220 2901 non
260 2850 485 2901 eundem
510 2868 722 2920 passum
749 2848 1102 2921 gradiuntur,
1152 2851 1219 2902 ad
1246 2869 1358 2902 rem
1396 2846 1789 2899 dilucidandam
1828 2866 1929 2896 non

117 2935 346 3007 plurima
385 2934 685 2990 conferunt.

592 3123 639 3182 §.
676 3117 726 3174 2.
781 3116 1002 3175 Notio
1057 3116 1455 3175 scientiae.

272 3249 526 3310 Nonnisi
562 3252 935 3330 Cognitiones
960 3254 1353 3330 homogeneae
1390 3250 1452 3306 in
1490 3269 1681 3327 unum
1723 3266 1934 3304 secun-

124 3344 269 3406 dum
306 3349 639 3405 constantia
669 3350 974 3426 principia,
1019 3346 1306 3423 collectae
1345 3344 1624 3402 dicantur
1663 3343 1935 3398 Scientia.
