2127 3775
1861 244 1924 292 55

497 526 872 592 CAPUT
967 524 1524 590 TERTIUM.

642 674 1392 742 Nomenclatura.

341 822 646 892 Dispositio
680 832 758 874 est
789 821 1234 874 denominationis
1241 814 1677 886 fundamentum.

1470 903 1594 955 Lin.

422 1097 465 1161 §-
503 1090 599 1166 34.
641 1091 872 1150 Notio
912 1087 1596 1150 nomenclaturae.

257 1241 418 1302 Illud
465 1242 753 1301 historiae
803 1242 1095 1301 naturalis
1152 1251 1368 1320 caput,
1431 1237 1609 1318 cujus
1665 1258 1890 1296 munus
1914 1283 1927 1308 ,

93 1338 432 1398 unitatibus
474 1342 863 1418 systematieis
898 1342 1135 1396 nomina
1171 1347 1227 1395 et
1269 1335 1781 1395 denominationes
1824 1337 1930 1392 im-

84 1433 356 1514 ponendi
382 1435 417 1491 i,
456 1456 503 1491 e.
537 1429 952 1510 conjungendi
985 1452 1123 1488 cum
1151 1429 1300 1487 ideis
1337 1450 1449 1510 per
1488 1429 1926 1508 systematicam

83 1529 433 1611 producti5‚
477 1526 701 1585 dicitur
754 1525 1249 1586 Nomenclatara.
1303 1527 1584 1583 Formam
1628 1537 1687 1585 et
1734 1539 1928 1585 mate-

86 1625 239 1684 riam
267 1625 515 1683 illorum
548 1623 866 1684 nominum
895 1635 955 1683 et
991 1621 1552 1682 denominationum
1579 1621 1930 1681 nomencla-

90 1733 229 1780 tura
271 1720 547 1800 explicat.

252 1830 668 1884 Nomenclatura
692 1850 799 1883 non
830 1831 971 1883 ideas
996 1830 1228 1905 profert,
1266 1830 1355 1883 sed
1380 1829 1593 1882 nonnisi
1621 1847 1736 1880 rem
1766 1827 1928 1881 hahet

85 1936 212 1969 cum
247 1916 455 1984 verbis,
497 1918 745 1970 scientiae
780 1916 909 1969 hinc
939 1918 1154 1991 proprie
1185 1916 1546 1990 peripheriam
1577 1933 1684 1966 non
1716 1915 1928 1981 dilatat,

85 2001 218 2075 quin
244 2012 421 2054 tamen
451 2002 595 2053 illam
631 2023 738 2054 non
764 2013 991 2076 augeat,
1031 2023 1154 2054 cum
1183 2002 1396 2054 nonnisi
1421 2021 1525 2070 per
1559 2001 1685 2052 illas
1714 2019 1931 2067 expres·

85 2091 266 2142 siones
306 2090 555 2142 verbales
582 2093 828 2142 idearum
853 2093 1238 2159 systematicae
1261 2089 1534 2157 possibilis
1563 2107 1690 2139 usus
1727 2095 1775 2137 et
1804 2083 1931 2136 hinc

84 2192 167 2224 res
199 2184 274 2226 est
306 2176 500 2226 summi
532 2175 805 2227 momenti.
846 2175 966 2226 Non
998 2173 1228 2242 sufficit,
1280 2184 1424 2225 recta
1461 2172 1623 2223 fuisse
1659 2172 1746 2225 via
1784 2170 1931 2242 geni-

0 2273 4 2280 “
85 2269 163 2312 tas
199 2260 374 2328 ideas,
422 2262 509 2312 sed
547 2271 749 2333 oportet
774 2261 886 2311 illas
926 2261 982 2310 in
1020 2270 1159 2312 statu
1196 2279 1291 2311 suo
1325 2258 1659 2326 conservari,
1709 2257 1802 2330 qui
1841 2277 1929 2308 no-

84 2345 445 2397 menclaturae
471 2357 546 2398 est
576 2346 711 2398 finis.
751 2345 1072 2418 Quicunque
1102 2346 1271 2416 igitur
1307 2355 1618 2412 consuetus9
1659 2363 1778 2397 eum
1814 2362 1931 2395 ver-

86 2432 166 2482 bis
194 2433 304 2482 sais
332 2433 494 2485 simul
516 2435 748 2502 jungere
781 2452 1020 2497 sensam,
1071 2432 1163 2504 qui
1196 2441 1245 2483 et
1282 2431 1499 2503 objectis
1533 2447 1822 2501 eorumque
1852 2448 1930 2479 re·

86 2515 372 2567 lationibus
405 2519 810 2591 correspondet,
849 2517 1306 2569 nomenclaturam
1335 2517 1688 2589 irregularem
1716 2525 1765 2568 et
1794 2513 1929 2564 nihil

88 2601 469 2672 exprimentem
502 2624 561 2656 eo
603 2605 781 2655 minus
823 2604 1042 2654 sufferre
1071 2602 1298 2670 valebit,
1352 2603 1395 2654 si
1438 2601 1714 2653 reserenda
1743 2602 1809 2652 ad
1839 2622 1928 2652 na·

89 2696 238 2740 turae
272 2689 510 2762 objecta,
550 2710 779 2762 quorum
809 2690 938 2742 ordo
970 2700 1018 2741 et
1047 2709 1211 2741 nexus
1246 2699 1367 2740 sunt
1399 2686 1684 2738 eminentes
1710 2686 1929 2759 qualita-

89 2783 164 2825 tes
191 2784 239 2826 et
264 2795 493 2846 quorum
522 2776 579 2826 in
608 2775 1004 2848 systematicum
1032 2796 1231 2828 nexum
1256 2773 1490 2826 redactio
1518 2771 1766 2823 scientiae
1790 2792 1930 2824 sum-

90 2879 208 2910 mus
233 2859 411 2928 labor>
448 2862 666 2915 ultimus
697 2861 837 2914 finis.
877 2862 1018 2916 Prae
1042 2875 1275 2914 naturae
1309 2859 1574 2912 rationali
1604 2858 1929 2929 contempla-

93 2947 235 2996 tione
253 2965 362 2996 non
387 2949 573 2999 melias
602 2950 782 2999 existit
807 2949 1123 3014 remedium,
1161 2967 1266 3015 qao
1292 2965 1441 2998 mens
1464 2939 1722 3010 assuefiat
1751 2945 1934 2996 ordini

94 3038 147 3082 et
183 3034 591 3099 consequentiae
628 3034 682 3082 in
729 3033 1018 3101 cogitando
1049 3064 1116 3071 —
1147 3032 1235 3082 sed
1274 3050 1433 3102 agere
1462 3039 1657 3097 cessat,
1704 3028 1807 3080 nisi
1846 3048 1928 3081 ac-

94 3113 283 3166 cedant
317 3113 483 3166 sulcra
512 3116 758 3188 linguae,
796 3116 1038 3168 ulteriori
1068 3115 1220 3182 usui,
1258 3134 1393 3190 quae
1426 3116 1653 3188 cogitata
1682 3125 1928 3167 reservet.

95 3198 509 3249 Nomenclatura
541 3211 586 3253 et
610 3201 827 3254 scientia
855 3201 1082 3252 eundem
1103 3201 1420 3275 plerumque
1447 3200 1785 3274 perfectionis
1810 3221 1927 3274 gra-

98 3283 224 3334 dum
273 3295 599 3355 agnoscunt3
649 3288 1060 3348 nomenclatura
1108 3300 1186 3340 est
1230 3289 1482 3358 lingua
1532 3291 1893 3342 scientiae
1913 3329 1923 3349 ,

100 3379 180 3421 est
219 3390 242 3421 s
252 3389 291 3440 p
311 3390 339 3424 e
355 3391 383 3423 c
402 3389 434 3422 ιι
454 3370 479 3421 l
489 3391 522 3423 ιι
539 3391 588 3425 m
604 3411 620 3439 ‚
658 3375 711 3423 in
743 3393 848 3443 qao
879 3376 1047 3427 omnis
1077 3373 1377 3442 reflectitur
1401 3376 1640 3428 scientia.
