2127 3775
250 207 301 239 vl

411 312 499 373 Ne
527 325 729 372 autem
756 314 908 389 illos,
953 335 1102 394 quos
1127 315 1356 386 monui,
1400 335 1630 374 errores
1660 314 2064 384 extimescenS‚

247 423 425 481 nimis
449 425 566 484 cito
599 423 881 484 historiae
907 426 1169 484 naturali
1199 425 1503 485 valedicaS.
1546 428 1839 485 Errorum
1877 427 2068 498 enim,

247 536 352 616 qui
376 535 438 593 in
464 535 713 593 historia
742 537 1006 594 naturali
1032 538 1257 597 intrare
1281 551 1551 618 possunt,
1594 559 1806 618 magna
1837 552 1924 596 est
1955 535 2072 596 dif-

243 645 516 706 ferentia.
576 648 891 724 Quamdiu
937 649 1098 708 enim
1141 652 1384 709 scientia
1413 672 1520 708 seu
1556 649 1768 709 saltem
1799 671 1935 708 cum
1965 648 2073 706 illo

249 759 495 816 nomine
521 780 615 833 ,res
646 759 773 819 sine
805 761 1115 842 principiis
1150 784 1390 820 omnem
1419 760 1584 819 illam
1615 762 1707 819 uti
1735 762 1906 819 filum
1934 782 2072 840 per-

239 871 642 950 migrantibus
669 872 1047 952 perhibetur,
1094 895 1324 933 errores
1352 876 1482 955 ipsi,
1519 875 1623 957 qui
1648 875 1822 946 fiunt,
1850 873 2069 954 princi-

241 984 486 1064 piorum
520 985 650 1044 loco
691 984 868 1045 facile
913 998 1246 1046 sumuntur
1275 999 1334 1045 et
1374 987 1468 1045 vel
1509 1010 1632 1046 non
1669 986 2069 1066 deteguntur,

241 1095 338 1154 vel
374 1117 513 1154 cum
553 1097 624 1154 iis
655 1095 901 1155 detectis
941 1096 1120 1154 simul
1159 1118 1364 1155 omnes
1397 1096 1571 1156 aedes
1601 1109 1925 1156 corruunt:
1966 1095 2072 1155 sed

243 1208 358 1267 alia
386 1230 481 1267 res
514 1222 634 1282 est,
678 1211 725 1268 si
755 1231 868 1289 per
899 1209 1070 1268 firma
1105 1232 1177 1269 ex
1210 1210 1440 1269 ratione
1474 1209 1830 1290 deprompta
1856 1209 2076 1288 princi-

240 1321 373 1401 pia,
416 1320 565 1380 dum
604 1322 669 1379 in
706 1333 960 1379 naturae
1003 1321 1138 1380 data
1177 1320 1583 1401 applicantur,
1639 1334 1897 1401 systema
1940 1340 2074 1378 con-

240 1433 529 1505 struitur,
572 1433 658 1492 ihi
688 1435 848 1493 enim
881 1456 1004 1492 non
1036 1456 1106 1494 ex
1135 1434 1465 1515 principiiS,
1504 1456 1627 1492 non
1655 1456 1726 1493 ex
1757 1445 2075 1513 systemate

244 1567 417 1606 error
451 1545 618 1617 fluit,
661 1545 779 1605 sed
825 1566 1059 1605 errores
1097 1547 1336 1606 nonnisi
1364 1560 1620 1626 =eatenus
1654 1557 1947 1625 poterunt
1984 1545 2077 1602 in-

244 1670 405 1718 trare
439 1670 498 1717 et
526 1678 870 1729 remanere,
914 1671 1212 1739 quatenus
1243 1658 1379 1718 data
1402 1652 1787 1740 empirica'ad
1812 1657 1944 1715 illos
1973 1655 2077 1714 de-

245 1769 533 1850 tegendos
559 1792 693 1828 enon
737 1768 1051 1839 sufficiunt
1076 1804 1156 1814 -—-
1187 1772 1335 1829 haec
1374 1783 1576 1829 autem
1618 1768 1858 1828 nonnisi
1898 1766 2079 1825 adda-

245 1903 414 1952 mm,
469 1904 735 1942 errorem
769 1885 1061 1965 quamdiu
1089 1884 1288 1965 detegi
1323 1908 1445 1944 non
1474 1896 1704 1965 potest,
1761 1883 2079 1941 deficiente

248 1993 499 2074 empiria
516 2040 534 2070 ,
580 2014 781 2074 neque
811 1993 1012 2053 adesse
1040 2016 1152 2075 pro
1179 1997 1465 2066 scientia,
1523 2016 1641 2075 qua
1680 2007 1881 2052 autem
1913 1993 2079 2053 dete-

247 2105 411 2184 gitur
450 2123 651 2175 error‚
707 2125 835 2175 eam
873 2105 1066 2184 ipsam
1107 2105 1291 2164 simul
1341 2105 1679 2185 corrigendi
1715 2118 1774 2164 et
1813 2104 2075 2165 evitandi

249 2213 450 2273 datam
493 2235 617 2283 esse
647 2214 826 2274 viam.
880 2215 1034 2279 Hinc
1063 2215 1241 2274 nimis
1273 2237 1350 2275 ne
1386 2218 1463 2275 sis
1501 2218 1793 2299 querulus
1828 2231 2079 2299 propter

249 2323 492 2385 errandi
515 2323 883 2397 facilitatem,
923 2327 1230 2387 Ciceronis
1256 2328 1639 2408 perpendens
1664 2331 1934 2390 effatum:
1964 2334 2089 2411 Er·-

249 2457 385 2496 rare
414 2437 756 2497 humanum
788 2448 908 2509 est,
949 2436 1054 2508 sed
1081 2439 1146 2496 in
1175 2459 1377 2500 errore
1411 2461 1832 2520 perseverare,
1876 2441 1940 2503 id
1973 2442 2077 2503 de·

251 2571 423 2617 mum
455 2548 812 2629 insipientis·

416 2679 478 2738 Si
522 2690 725 2738 autem
750 2677 937 2750 dein,
992 2678 1141 2765 quid
1179 2701 1341 2740 nunc
1381 2679 1641 2762 denique
1681 2681 1794 2741 sub
1837 2678 2074 2763 praedi-

260 2802 386 2851 cata
421 2791 524 2850 illa
566 2790 815 2850 historia
850 2790 1142 2863 naturali,
1198 2803 1505 2873 tamquam
1539 2793 1817 2866 scientia,
1873 2797 1949 2855 sit
1980 2797 2073 2855 in-

259 2903 687 2984 telligendum,
751 2903 1111 2984 interrogaS‚
1171 2903 1496 2964 benevolus
1553 2904 1710 2964 audi.
1770 2909 1903 2968 Non
1946 2920 2070 2968 tam

256 3015 519 3086 multum
547 3018 842 3097 temporis
867 3031 983 3090 est,
1037 3017 1200 3099 quod
1238 3015 1372 3096 ejus
1409 3018 1573 3077 notio
1602 3018 1748 3079 adeo
1777 3023 2073 3103 complete

256 3128 446 3188 fuerit
479 3127 775 3200 definita‚·
811 3143 880 3189 ut
914 3129 1050 3190 addi
1083 3132 1260 3212 plane
1282 3130 1436 3190 nihil
1469 3132 1683 3212 possit,
1738 3132 2070 3216 sed‘neque

259 3239 526 3313 detrahi,
571 3254 630 3301 et
666 3255 732 3301 ut
765 3244 999 3303 nonnisi
1029 3242 1333 3325 explendis
1354 3244 1649 3305 {omnihus
1687 3243 1819 3324 ejus
1856 3245 2068 3305 defini·
2124 3245 2127 3249 ’
