2127 3775
235 206 302 256 ‘28

233 348 357 379 cum
389 329 625 401 quinque
675 326 1000 396 calcarihus,
1065 331 1216 402 cujus
1271 330 1507 382 clausum
1547 329 1846 399 orificium,
1897 333 2047 403 cujus

232 434 419 487 margo
447 415 663 479 reflexa,
701 411 980 484 quinquies
1008 412 1140 464 fissa.
1178 414 1415 465 Stamina
1438 426 1560 467 sunt
1588 415 1823 488 quinque
1859 436 2048 490 aequa-

231 500 334 565 lia,
389 499 611 549 corollae
648 495 834 564 affixa,
896 519 1020 549 cum
1065 499 1358 550 calcaribus
1409 501 1622 552 alterna.
1682 501 1761 551 Ex
1813 502 2047 574 quinque

231 583 556 654 simplicibus
585 620 600 650 >
657 582 888 634 invicem
939 584 1040 636 sibi
1093 585 1379 658 perfectam
1432 587 1784 638 evolutionem
1835 606 2049 658 praepe-

232 667 523 734 dientibus,
561 667 705 718 illam
748 670 1088 741 compositam
1128 691 1262 738 esse,
1303 672 1596 744 disquisitio
1639 682 1688 724 et
1727 671 2048 743 comparatio

228 773 349 804 mox
382 753 591 821 edocet3
629 764 858 806 attamen
893 757 1132 807 nondum
1165 757 1289 808 inde
1321 778 1443 808 cum
1468 757 1786 808 Antirrhino
1817 757 1907 807 illo
1930 759 2049 829 jun-

229 839 285 910 gi
318 849 514 911 posset,
552 838 655 890 nisi
687 861 933 914 persaepe
974 843 1030 893 in
1060 863 1168 894 una
1201 845 1487 916 eademque
1516 843 1725 915 singula
1753 844 1930 914 planta
1969 849 2052 904 (et

228 924 371 976 illam
408 945 501 975 nos
537 946 748 991 semper
783 928 996 981 nonnisi
1030 949 1127 1001 pro
1161 931 1280 982 Uno
1318 932 1590 982 individuo
1629 928 1970 988 habebimus]
2003 938 2053 980 et

225 1010 443 1082 simplex
480 1019 529 1062 et
565 1012 879 1084 quintuplex
928 1025 1232 1066 occurreret
1277 1015 1497 1081 corolla,
1535 1015 1676 1086 quod
1714 1025 1763 1066 et
1791 1012 2052 1065 Peloriam

226 1116 350 1147 cum
390 1096 479 1146 illo
519 1096 836 1147 Antirrhino
861 1118 953 1149 nos
995 1100 1221 1171 jungere
1265 1099 1436 1171 cogit,
1476 1110 1733 1171 quatenus
1767 1099 1855 1150 illa
1893 1099 2052 1150 inter·

227 1182 399 1233 media
431 1181 709 1233 individua
750 1191 1031 1255 utramque
1067 1185 1124 1235 in
1151 1205 1202 1236 se
1236 1184 1544 1236 varietatem
1572 1203 1761 1256 nempe
1792 1184 2052 1235 Peloriam

226 1277 275 1318 et
299 1265 679 1317 Antirrhinum
717 1265 993 1318 Linariam
1035 1268 1093 1319 in
1129 1290 1180 1320 se
1220 1271 1532 1321 recondunt.
1584 1269 1823 1319 Eandem
1864 1270 1925 1320 cl.
1971 1269 2051 1321 D.

227 1352 395 1403 Smith
436 1350 630 1423 aliique
669 1350 908 1402 botanici
949 1351 1006 1402 in
1042 1353 1270 1425 Angliae
1317 1352 1532 1406 diversis
1571 1353 1791 1425 aliisque
1837 1352 2050 1404 exoticis

225 1434 555 1486 Antirrhinis
587 1434 1034 1487 combinationem
1063 1436 1411 1489 observarunt
1441 1447 1490 1488 et
1516 1437 1731 1509 quidem
1767 1436 1837 1487 ita
1853 1474 1868 1503 9
1907 1446 1967 1488 ut
1993 1435 2051 1487 in

228 1519 412 1578 eodem
439 1540 685 1592 persaepe
705 1520 985 1571 individuo
1021 1522 1399 1574 reinvenienda
1428 1521 1590 1574 fuerit
1625 1532 1674 1574 et
1711 1521 1930 1594 simplex
1967 1541 2050 1573 co-

228 1605 358 1657 rolla
396 1615 551 1678 atque
590 1604 891 1677 composita.

355 1795 407 1854 §.
456 1789 547 1845 20.
606 1787 897 1846 Solutio
947 1786 1338 1846 secundae
1385 1753 1930 1849 difficultatis.

384 1919 667 1979 Seriebus
707 1918 1162 1977 individuorum
1192 1919 1300 1977 tali
1327 1918 1504 1978 modo
1532 1918 1841 2000 productis
1873 1933 2049 1980 natu-

228 2001 295 2075 ra
332 2015 634 2074 rarissime
660 2015 1109 2094 correspondet,
1153 2027 1213 2073 et
1242 2014 1517 2084 maxima,
1549 2036 1704 2095 quae
1736 2015 1799 2072 in
1830 2030 2049 2076 natura

227 2112 524 2181 occurrit,
577 2109 831 2166 varietas
862 2130 973 2187 per
1006 2109 1138 2166 illas
1182 2131 1305 2166 non
1344 2109 1706 2188 explicatur:
1750 2110 2048 2181 sipautem

229 2205 366 2264 illae
399 2208 590 2265 series
629 2202 1084 2278 individuorum
1111 2207 1507 2284 junguntur,
1551 2203 1894 2285 complexus
1927 2206 2047 2263 ori-

228 2315 330 2358 tur
370 2298 861 2370 individuorum,
919 2290 1024 2380 qui
1062 2298 1399 2378 systematis
1445 2298 1635 2358 refert
1679 2312 1885 2370 notaS‚
1949 2290 2048 2372 cui

227 2395 407 2453 etiam
446 2408 664 2453 natura
698 2395 762 2452 in
798 2397 1008 2476 quovis
1042 2395 1277 2476 singulo
1310 2411 1454 2454 casu*
1490 2394 2005 2475 correspondebit.

359 2488 699 2561 Experientia
746 2509 840 2540 nos
887 2491 1067 2542 edocet
1081 2529 1097 2558 9
1156 2511 1376 2563 perraro
1426 2491 1700 2564 qualitates
1743 2490 2044 2543 individuo-

226 2594 348 2626 rum
366 2607 395 2641 ,ι
419 2575 491 2626 ita
515 2572 654 2626 inter
668 2594 718 2625 se
750 2586 854 2626 es'se
881 2576 1113 2646 junctas9
1149 2585 1210 2627 ut
1236 2596 1414 2627 omnes
1446 2595 1554 2627 una
1589 2585 1801 2647 excepta
1815 2576 1917 2628 sint
1932 2596 2044 2628 eae-

227 2661 371 2717 dem.
407 2659 646 2712 Varietas
681 2660 738 2711 in
775 2670 966 2711 natura
1002 2656 1170 2712 multo
1205 2662 1402 2732 major,
1449 2659 1522 2712 ita
1557 2669 1618 2711 ut
1651 2678 1798 2731 saepe
1834 2669 2042 2713 tantum

225 2745 283 2796 in
321 2743 534 2816 paucis>
588 2744 645 2795 in
679 2763 818 2811 una,
873 2743 1003 2816 quin
1039 2744 1096 2794 in
1143 2744 1286 2795 nulla
1329 2744 1433 2797 sint
1459 2763 1697 2815 congrua
1732 2745 2042 2814 individua,

227 2849 362 2902 quae
407 2839 584 2881 tamen
633 2829 731 2880 sub
778 2828 1213 2901 homogeneitatis
1262 2829 1477 2882 notione
1536 2829 1912 2902 comprehendi
1958 2834 2044 2883 de-

226 2917 379 2980 bent,
416 2913 541 2986 quia
567 2927 808 2982 possunt.
844 2915 911 2967 Et
945 2914 1046 2966 hoc
1079 2913 1168 2967 fiet
1193 2914 1402 2967 nonnisi
1423 2933 1518 2986 per
1544 2934 1740 2967 nexum
1767 2916 2039 2982 serierum,

225 3019 454 3072 quarum
485 2999 701 3072 quidem
732 3000 1029 3069 individua,
1067 3021 1201 3073 quae
1231 3002 1296 3052 ad
1321 3019 1486 3051 unam
1512 3000 1834 3074 eandemque
1852 3000 2040 3052 seriem

225 3085 520 3156 pertinent,
558 3085 887 3157 homogenea
911 3106 1014 3139 esse
1041 3107 1198 3159 supra
1224 3087 1634 3138 demonstratum
1660 3086 1780 3155 fuit,
1816 3105 1924 3137 non
1949 3105 2040 3136 au·

224 3179 355 3236 tem,
402 3170 735 3241 homogenaea
769 3192 977 3245 quoque
1024 3192 1129 3224 esse
1163 3191 1337 3245 posse,
1390 3190 1522 3244 quae
1566 3171 1632 3222 ad
1673 3174 1914 3225 diversas
1947 3169 2039 3222 har

224 3273 347 3304 rum
399 3252 654 3308 seriei-um
691 3255 985 3326 pertinent,
1037 3267 1087 3309 et
1121 3256 1248 3307 hinc
1275 3293 1290 3322 >
1339 3259 1434 3311 sab
1481 3276 1589 3326 qua
1639 3257 1741 3311 hoc
1784 3257 2039 3324 possibile

227 3339 454 3399 evadat,
492 3341 820 3406 conditione,
861 3344 961 3392 eric
996 3342 1349 3395 enodandam.
