2127 3775
1854 225 1917 275 41

83 349 237 400 nium
275 351 641 423 cognitionum
681 351 743 402 de
782 350 1081 423 productis,
1131 351 1207 402 uti
1261 348 1480 402 historia
1518 349 1773 401 naturalis
1810 349 1919 419 ipsa

83 432 218 485 'nasis
247 437 488 487 omnium
516 436 870 487 scientiarum,
914 437 1017 487 Sed
1050 437 1137 486 vix
1160 435 1290 486 haec
1315 433 1580 487 sufficient
1611 434 1779 498 dicta,
1816 433 1924 483 imo

81 539 190 571 non
216 539 278 571 ex
310 522 452 572 auris
481 532 748 593 captatum
778 522 884 572 dici
909 521 1119 593 poterit,
1159 520 1198 569 si
1227 520 1405 570 multis
1434 520 1664 571 scientiis
1688 518 1922 569 valorem

81 623 239 655 suum
275 603 624 657 scientificum
664 625 951 678 negamus,
1000 605 1214 677 quando
1245 603 1574 655 existentiam
1605 605 1711 675 jam
1739 621 1924 654 conce·

79 689 292 757 damus,
332 691 455 764 quia
491 710 674 742 earum
706 711 893 743 verum
922 691 1219 760 objectum,
1274 708 1466 762 nempe
1511 690 1704 761 species
1746 687 1923 743 adhuc

79 774 240 830 deest.
279 777 368 829 Sic
396 796 438 827 e.
472 798 523 849 g.
557 773 887 848 geographia
924 776 1229 847 plantarum
1256 794 1294 824 s.
1325 774 1563 825 doctrina
1601 773 1921 825 relationum

75 860 217 912 inter
246 862 448 934 plantas
487 879 779 932 earumque
818 860 1017 925 solum,
1066 868 1245 911 ae'rem
1285 878 1327 909 e.
1358 880 1396 910 s.
1426 880 1478 931 p.
1515 860 1664 931 prius
1706 860 1922 911 scientia

76 947 299 998 evadere
315 967 423 998 non
438 956 618 1018 potest,
648 966 806 1019 quam
826 947 1093 1017 objectum
1109 943 1327 996 habebit
1345 944 1380 995 i.
1406 963 1450 995 e.
1472 946 1699 1017 speciem
1720 966 1920 1012 veram,

73 1032 132 1083 in
169 1053 331 1106 quam
366 1032 734 1105 inquisitiones
781 1031 944 1100 fiant,
997 1042 1059 1083 ut
1105 1030 1446 1083 deductiones
1493 1031 1616 1085 inde
1663 1032 1924 1103 quaedam

74 1128 350 1170 eruantur.
390 1118 479 1169 Sic
510 1118 551 1169 si
577 1118 846 1170 habentur
879 1119 1113 1191 ejusdem
1141 1117 1461 1180 (hodierni)
1495 1121 1717 1187 generis
1754 1116 1922 1166 diver-

72 1222 158 1255 sae
191 1203 546 1266 (hodiernae)
578 1207 811 1275 species,
850 1223 986 1276 quae
1018 1214 1140 1255 sunt
1164 1203 1406 1276 alpinae,
1443 1203 1756 1275 paludosae,
1805 1220 1923 1274 pra·

69 1298 268 1356 tenses,
308 1299 605 1356 montanae,
644 1290 944 1340 maritimae
966 1309 1008 1339 e.
1044 1311 1081 1340 s.
1110 1310 1188 1360 P·:
1233 1290 1413 1339 nullus
1442 1289 1580 1340 inter
1611 1308 1795 1339 earum
1828 1285 1924 1338 dif-

68 1373 318 1426 ferentias
346 1395 584 1448 unquam
611 1393 805 1439 nexus,
844 1383 892 1424 et
922 1374 963 1423 si
987 1373 1157 1424 multo
1194 1375 1420 1444 majores
1463 1372 1640 1424 adhuc
1679 1373 1922 1424 differen-

69 1460 173 1512 tiae
224 1471 417 1528 essent,
474 1479 635 1532 quam
674 1468 795 1510 sunt
842 1477 1055 1530 reapse,
1108 1477 1217 1509 non
1277 1458 1634 1524 miraremur,
1686 1457 1924 1528 ejusdem

70 1546 215 1597 enim
276 1546 486 1618 generis
539 1549 718 1600 variae
767 1544 964 1617 species
1018 1544 1160 1596 inter
1207 1564 1258 1596 se
1310 1545 1464 1596 valde
1525 1544 1760 1595 diversae
1816 1562 1922 1593 esse

66 1633 287 1704 possunt
320 1664 389 1671 —
425 1633 492 1683 ad
530 1632 741 1704 regulas
778 1642 956 1684 autem
1003 1631 1190 1683 reduci
1237 1631 1358 1682 illae
1408 1631 1734 1682 differentiae
1785 1649 1921 1682 nun·

67 1737 229 1790 quam
261 1718 568 1769 concedent.
606 1716 751 1788 Quid
781 1736 910 1790 ergo
947 1717 1086 1784 solo,
1125 1716 1256 1789 quid
1292 1716 1441 1783 ae'ri,
1491 1716 1622 1789 quid
1658 1715 1827 1767 ventis
1863 1715 1922 1766 in

30 1804 35 1808 ’
66 1802 159 1854 illa
189 1803 366 1876 alpina
395 1803 567 1875 specie
596 1798 1028 1854 vindicandum?
1066 1801 1182 1854 Hoc
1210 1821 1319 1853 non
1348 1810 1518 1874 potest
1554 1800 1918 1852 determinari.

68 1888 231 1960 Extra
256 1888 371 1939 illas
401 1888 728 1940 conditiones
756 1889 997 1940 nondum
1032 1886 1164 1939 haec
1203 1887 1401 1960 species
1438 1887 1574 1954 visa,
1627 1887 1757 1960 quid
1787 1907 1917 1960 ergo

68 1975 220 2050 quasi
245 1975 504 2048 sibiipsi,
544 1976 672 2053 quid
703 1975 999 2026 influxibus
1032 1974 1250 2039 debeat,
1302 1973 1647 2025 determinari
1685 1993 1793 2024 non
1829 1994 1919 2045 po·

69 2061 209 2114 terit.
246 2094 315 2101 —
349 2061 536 2134 Longe
569 2062 721 2112 aliter
747 2070 925 2112 autem
962 2079 1044 2110 res
1073 2078 1179 2110 sese
1211 2058 1398 2125 habet,
1449 2058 1547 2109 uhi
1583 2058 1747 2108 unius
1785 2061 1919 2128 ejus·

67 2147 296 2220 demque
323 2147 517 2219 speciei
535 2147 844 2198 varietatem
868 2146 1101 2219 alpinam
1129 2155 1178 2196 et
1204 2153 1568 2216 campestrem,
1607 2154 1920 2195 montanam

66 2242 119 2286 et
152 2233 461 2306 paludosam
499 2231 878 2304 contemplatui
908 2241 959 2283 et
987 2230 1320 2303 comparatui
1356 2229 1544 2282 habeo.
1594 2230 1697 2282 Hic
1734 2230 1814 2282 uti
1841 2234 1918 2283 in-

69 2320 290 2371 dividua
342 2319 454 2391 ipsa
504 2317 716 2370 nonnisi
759 2328 882 2370 sunt
922 2321 1218 2371 varietates
1266 2320 1494 2385 speciei,
1546 2316 1622 2367 sic
1665 2314 1918 2386 dtfferen·

68 2407 179 2456 tiae
213 2404 370 2455 etiam
395 2414 516 2455 sunt
546 2407 841 2457 varietates
878 2403 1233 2475 qualitatum,
1289 2401 1417 2455 hinc
1455 2402 1646 2468 etiam,
1695 2401 1752 2452 in
1790 2421 1917 2474 quo·

65 2508 193 2541 nam
220 2487 325 2540 fors
348 2489 523 2567 alpina
547 2489 772 2541 varietas
805 2489 1011 2540 differat
1046 2497 1262 2560 propter
1289 2489 1473 2555 clima,
1511 2489 1700 2554 solum,
1736 2489 1917 2543 locum

65 2575 296 2627 natalem
329 2594 374 2625 e.
406 2596 442 2624 s.
471 2596 523 2646 p.
554 2595 678 2627 cum
714 2574 1195 2626 verosimilitudine
1232 2576 1462 2648 quadam
1501 2575 1720 2626 omnino
1758 2577 1915 2628 statui

65 2659 275 2734 poterit.
310 2659 376 2711 Et
404 2679 540 2732 quae
570 2661 864 2731 prodibunt
895 2681 958 2713 ex
984 2661 1346 2735 geographica
1384 2661 1691 2727 latitudine,
1741 2661 1913 2734 longi-

65 2745 282 2813 tudine,
320 2745 630 2811 altitudine3
670 2765 732 2796 ex
761 2765 929 2818 aquae
953 2743 1507 2819 prae-vel'absentia3
1549 2765 1612 2796 ex
1637 2746 1794 2814 aeris,
1832 2747 1911 2798 lu-

66 2830 174 2898 cis,
210 2840 521 2897 ventorum,
575 2830 762 2881 caloris
789 2830 1026 2883 faciliore
1056 2852 1104 2882 v.
1146 2831 1447 2883 difficiliore
1476 2850 1715 2898 accessu,
1766 2832 1910 2884 diffe-

65 2915 270 2968 rentiae
305 2936 413 2968 non
450 2916 663 2983 minus,
708 2936 869 2989 quam
905 2937 1034 2990 quas
1067 2916 1234 2970 humo
1270 2917 1438 2968 solum
1473 2917 1635 2970 ditius
1660 2919 1747 2970 vel
1778 2938 1909 2991 pau·

64 3001 265 3074 perias,
290 3002 560 3064 limosum,
594 3020 877 3054 arenosum
900 3021 950 3055 v.
978 3001 1266 3057 humidum
1284 3003 1492 3072 influat,
1516 3003 1822 3056 observatae
1838 3036 1907 3045 —

65 3107 129 3139 eo
164 3087 276 3160 ipso
302 3099 597 3155 momento,
635 3107 742 3161 quo
767 3088 904 3138 intra
934 3088 1127 3160 speciei
1154 3087 1285 3140 fines
1309 3090 1489 3142 locum
1517 3089 1743 3157 habere,
1781 3109 1905 3142 con·

63 3176 196 3241 stat,
233 3174 468 3225 valorem
498 3171 849 3226 scientificum
877 3174 1024 3224 omni
1052 3174 1339 3227 attentione
1367 3177 1591 3248 dignum
1618 3175 1903 3249 recipiunt.

69 3257 130 3308 Si
150 3258 389 3325 tamdiu,
428 3278 587 3331 quarn
620 3258 810 3310 Pinum
847 3257 1113 3331 mughum
1142 3281 1179 3311 s.
1213 3261 1564 3333 pumilionem
1600 3281 1698 3336 pro
1734 3262 1905 3335 specie

64 3344 279 3416 propria
306 3343 712 3411 declar-aremus,
750 3345 903 3416 plane
929 3344 1073 3403 nulla
1104 3346 1214 3417 ejus
1240 3346 1527 3420 peculiaris
1550 3347 1753 3403 formae
1780 3367 1903 3401 cum
