2127 3775
1850 232 1918 284 65

71 357 251 430 planta
281 357 367 411 hic
390 359 603 426 audiat,
641 377 779 433 quae
808 357 907 410 sub
942 357 1123 411 Orche
1151 359 1301 431 prius
1329 357 1611 424 militavit,
1652 369 1710 411 ut
1737 370 1914 410 autem

72 443 138 495 sit
163 443 266 493 alia
297 445 442 510 illic,
483 464 663 496 secum
709 445 886 497 adhuc
932 446 1158 513 (liscorS,
1213 465 1281 496 an
1329 445 1427 497 sub
1473 445 1683 498 Reottia
1723 446 1914 495 serviat

71 527 333 580 Listeram
366 531 701 603 relinquens,
740 552 807 583 an
840 533 1012 605 potius
1041 532 1337 605 Ophryden
1372 533 1589 599 salutet,
1628 531 1916 605 Spiranthe

72 615 343 686 neglecta,
384 618 465 668 vel
495 619 707 668 tandem
740 638 805 669 an
835 640 939 669 non
973 620 1039 670 ad
1070 620 1354 691 Epipactin
1371 630 1624 688 transeat,
1666 620 1728 669 ad
1757 638 1918 691 quam

74 701 326 772 Serapiae
360 713 407 753 et.
439 704 749 755 Orchiastra
783 725 994 776 quoque
1022 707 1278 756 nonnulla
1313 706 1650 778 transfugae,
1702 706 1918 778 quibus-

74 807 197 839 cum
230 800 434 840 nostrae
460 792 668 861 plantae
693 793 980 859 genericus
998 795 1272 863 quondam
1315 813 1486 844 nexus
1538 792 1653 843 suit.
1709 793 1812 842 Sed
1853 811 1918 842 ne

78 874 332 925 omnibus
391 875 548 925 fuisse
608 874 868 946 ejusmodi
921 896 960 945 g
979 897 1007 928 o
1027 898 1060 928 n
1079 898 1104 928 e
1123 898 1152 928 o
1169 901 1218 930 m
1235 897 1262 928 e
1278 887 1298 926 t
1313 897 1408 928 am
1425 897 1455 929 o
1477 898 1503 927 r
1516 898 1553 945 p
1573 878 1606 928 h
1621 898 1650 930 o
1671 899 1696 929 s
1715 881 1780 929 io
1799 897 1849 928 m
1867 897 1920 928 α-

74 980 109 1011 n
127 963 259 1012 iam
298 961 480 1012 credas
496 998 512 1027 ,
553 971 601 1012 et
617 960 856 1012 invenies
876 960 932 1011 in
951 961 1204 1033 operibus
1233 958 1378 1013 illius
1408 964 1542 1029 viri,
1583 983 1737 1033 quem
1752 983 1919 1033 penes

74 1047 359 1098 arbitrium
394 1057 445 1098 et
463 1048 550 1110 jus
579 1066 792 1120 quoque
823 1049 1238 1116 denominandi,
1278 1052 1535 1118 quoniam
1575 1059 1653 1100 tot
1694 1051 1827 1101 vidit
1872 1059 1921 1099 ee

74 1135 251 1198 novit,
292 1144 351 1183 ut
374 1131 689 1199 Linnaeus,
721 1144 1014 1202 postquam
1041 1133 1194 1185 illum
1226 1144 1591 1185 convenerat.-

189 1233 388 1276 Credidi
427 1240 508 1276 sat
560 1234 747 1279 multas
777 1235 1023 1291 quondam
1049 1247 1126 1276 me
1160 1247 1366 1277 noscere
1393 1235 1665 1291 plantas-

240 1309 334 1352 Ast
358 1310 459 1351 nisi
475 1321 672 1365 paucas
695 1323 825 1351 nunc
856 1322 1061 1351 noscere
1092 1307 1397 1362 me7fate0r
1416 1339 1428 1363 ,

76 1401 308 1466 dixerit,
348 1403 404 1452 in
440 1400 587 1469 illius
616 1402 836 1470 inquam
869 1400 1160 1467 operibus,
1189 1418 1354 1468 ‘quem
1382 1400 1435 1450 in
1473 1415 1769 1465 perennem
1807 1395 1926 1462 glo-

75 1489 214 1537 riam
252 1487 418 1539 Suum
449 1504 664 1554 semper
684 1486 918 1537 Austria
949 1485 1316 1553 nuncupabit,
1351 1495 1579 1553 ecquem
1598 1483 1786 1534 melius
1783 1478 1927 1551 filis.

75 1583 159 1624 set
179 1575 439 1637 reticere,
477 1591 639 1640 quam
676 1591 878 1639 parum
923 1571 1189 1636 laudare,
1242 1572 1360 1642 quis
1409 1570 1550 1620 alius
1590 1569 1721 1633 erit,
1774 1586 1930 1636 quem

76 1660 304 1728 opinor,
345 1678 507 1730 quam
540 1673 910 1728 JAGQUINIUS
940 1673 1190 1727 HEROS,
1226 1658 1279 1706 in
1308 1655 1455 1706 illius
1499 1657 1719 1724 inquam
1756 1654 1930 1721 operi-

76 1744 205 1809 bus,
245 1762 376 1796 vero
405 1745 671 1795 Austriae
707 1743 965 1810 Flore,
1003 1762 1113 1793 non
1156 1741 1397 1792 invenies
1440 1739 1712 1811 turgentia
1750 1738 1929 1789 Limo-

77 1827 195 1879 dori
227 1828 312 1880 vel
343 1827 614 1879 Herminii
637 1827 870 1880 abortivi
894 1829 979 1880 vel
1008 1827 1278 1901 Epipactis
1308 1827 1392 1879 vel
1432 1825 1684 1897 Serapiae
1730 1843 1926 1896 magna

77 1913 276 1980 verba,
331 1915 422 1965 sed
468 1914 688 1986 simplex
727 1923 776 1965 et
820 1914 1054 1965 modesta
1097 1913 1225 1964 illuc
1276 1911 1553 1984 apparebit
1592 1911 1691 1963 tibi
1735 1911 1935 1963 Orobis

78 2001 350 2054 abortiva.
383 2032 454 2039 —
493 2000 550 2049 In
593 1998 813 2050 diversis
863 1999 1117 2071 operibus
1163 2016 1464 2070 synonyma
1505 1995 1722 2069 quidem
1768 1994 1931 2046 addu-

79 2095 307 2150 cuntur,
349 2093 399 2136 et
423 2103 661 2135 summus
684 2083 872 2134 exinde
891 2087 944 2135 in
963 2085 1116 2136 libris
1146 2087 1316 2148 ordo,
1346 2083 1435 2133 sed
1462 2102 1570 2133 non
1597 2076 1932 2147 adeofidelis

78 2190 290 2239 semper
319 2172 611 2235 memoria,
651 2188 814 2241 quam
841 2169 969 2219 libri
997 2169 1053 2219 in
1083 2167 1394 2219 nominibus
1421 2167 1713 2218 retinendis
1743 2176 1791 2217 et
1822 2164 1931 2216 sere

78 2257 367 2310 herculeus
391 2256 553 2307 labor
583 2267 752 2322 esset,
794 2255 1038 2306 omnium
1062 2255 1368 2326 plantarum
1398 2272 1697 2324 synonyma
1739 2261 1931 2303 cuncta

78 2340 138 2392 in
182 2341 443 2393 memoria
482 2340 729 2392 retinere.
783 2340 926 2391 Hinc
982 2340 1237 2405 Zenker,
1290 2338 1660 2391 confusionem
1705 2338 1932 2389 nimiam

83 2427 275 2479 exinde
313 2428 687 2495 extimescens,
726 2426 958 2499 praefert
986 2426 1051 2476 ad
1085 2426 1316 2478 trivialia
1349 2425 1568 2477 nomina
1600 2424 1790 2476 redire.
1830 2424 1931 2475 Pro

81 2514 173 2565 illo
215 2523 393 2564 autem
444 2532 635 2585 opere,
687 2513 932 2564 omnium
975 2513 1283 2585 plantarum
1331 2512 1671 2584 singularum
1712 2510 1932 2562 nomina

82 2599 196 2651 sine
239 2599 348 2650 ullo
378 2598 519 2649 inter
579 2618 630 2650 se
675 2619 819 2650 nexu
855 2598 1086 2664 rescire,
1141 2607 1190 2649 et
1233 2617 1341 2648 non
1385 2617 1562 2649 errare
1595 2630 1661 2637 —
1689 2595 1930 2647 herculei

85 2684 257 2758 operis
285 2683 549 2757 expressio
586 2685 826 2734 nondum
845 2681 1058 2735 sufficit.
1099 2685 1210 2736 Sed
1234 2685 1619 2754 ubiquondam
1637 2684 1932 2734 secundum

84 2770 390 2825 methodum
409 2770 969 2841 physicohistoricam
998 2788 1194 2841 genera
1216 2778 1264 2819 et
1298 2768 1509 2819 ordines
1529 2787 1723 2818 nomen
1743 2766 1932 2833 ferent,

83 2867 135 2909 et
167 2857 365 2928 species
392 2855 672 2929 utriusque
702 2875 797 2927 per
815 2855 1305 2906 denominationem
1334 2872 1484 2904 suam
1503 2852 1738 2904 movebit
1758 2852 1932 2903 ideam

85 2976 153 2984 -
178 2943 300 2994 dein
332 2962 505 3016 neque
527 2942 786 2993 memoria
814 2940 1096 2991 nominum
1138 2940 1482 2992 multitudine
1529 2949 1578 2992 et
1622 2937 1932 2990 difficultate

86 3039 394 3102 premetur,
432 3049 605 3102 neque
638 3037 794 3079 erunt
824 3025 1057 3077 timenda
1085 3043 1417 3097 synonyma,
1457 3044 1582 3075 nam
1614 3023 1830 3074 nomina
1860 3043 1932 3074 se-

87 3116 193 3166 mel
220 3116 359 3166 bona
391 3115 444 3166 id
475 3114 771 3166 manebunt
799 3111 1035 3178 tamdiu,
1075 3111 1335 3183 quamdiu
1353 3119 1545 3177 statu-³,
1584 3129 1744 3182 quem
1762 3110 1932 3182 expri-

91 3211 274 3253 munt:
313 3212 490 3253 manet
535 3202 692 3253 idem.
752 3198 1071 3267 Quicunque
1115 3215 1247 3265 ergo
1292 3197 1461 3249 semel
1506 3199 1931 3264 praestantiam,

93 3289 376 3340 commoda
404 3298 455 3339 et
477 3288 850 3340 necessitatem
876 3284 1137 3350 ejusmodi
1159 3282 1652 3343 Nomenclaturae,
1693 3282 1773 3332 uti
1794 3279 1932 3349 phy·-

93 3375 471 3427 sicolu‘storica
503 3392 620 3425 eam
647 3374 878 3440 expetit,
918 3371 1068 3424 clare
1082 3372 1429 3440 perspexerit
1451 3397 1515 3406 --
1545 3367 1629 3418 illi
1652 3377 1797 3419 certe
1823 3383 1933 3417 non

1575 3467 1605 3501 ζ»
