2127 3775
1822 174 1891 226 19

231 295 428 350 Omnes
455 299 794 372 proprietates
830 301 883 352 in
915 300 1164 353 omnibus
1194 298 1409 353 diversis
1437 297 1725 350 individuis
1757 299 1888 370 ejus-

68 380 212 432 modi
239 393 431 436 attente
458 385 759 457 inquirere,
785 387 841 438 in
856 387 1047 459 speciei
1078 388 1352 459 cujusdam
1387 382 1772 457 monographia
1804 403 1889 434 ne-

66 485 201 518 cesse
231 469 444 539 quidem
469 481 597 522 esset
621 503 688 510 -—
711 472 802 544 qui
833 492 958 524 vero
992 492 1139 524 meus
1181 472 1267 523 hic
1301 491 1636 544 nequaquam
1674 469 1794 522 finis
1825 501 1889 512 —-

65 572 132 602 ne
160 554 294 603 male
325 553 450 606 hinc
479 575 562 605 me
591 555 878 627 intelligas,
918 577 1077 628 rogo,
1115 576 1247 608 neve
1273 558 1498 628 speciem
1518 577 1602 608 me
1630 557 1736 627 jam
1763 574 1888 628 qua·

67 638 110 688 si
134 637 418 711 indigitare
445 642 602 707 velle,
643 642 848 692 credas:
888 641 1097 691 nonnisi
1125 662 1227 713 qua
1241 638 1463 711 factum
1487 641 1886 711 pleysz‘cohisto-

65 726 235 776 ricum
275 729 485 780 adduco
506 767 519 793 ‚
557 727 717 778 talem
751 746 865 777 esse
899 745 1097 777 nexum
1140 728 1279 777 inter
1324 729 1568 778 diversas
1603 728 1892 797 qualitates

64 812 449 862 nonnullorum
473 812 876 880 vegetabilium,
913 822 970 862 ιιι
993 832 1101 862 una
1124 829 1231 878 pro
1263 815 1528 863 varietate
1577 814 1745 879 alias,
1795 813 1897 865 sed

63 894 430 964 homonymae
462 897 739 962 qualitatis
767 897 1146 964 haberipossit
1177 905 1224 946 et
1259 895 1384 947 hinc
1419 899 1639 964 debeat,
1674 908 1723 948 et
1763 918 1892 948 non-

67 979 171 1030 nisi
203 979 511 1030 methodum
540 979 1069 1052 physicohistoricam
1103 981 1359 1052 applicari
1405 1001 1581 1054 posse,
1638 1002 1740 1054 qua
1781 983 1889 1054 opi-

66 1067 279 1118 nionem
310 1086 482 1116 meam
513 1065 600 1117 hic
631 1063 868 1139 proferre
892 1067 948 1117 in
975 1066 1153 1116 animo
1180 1066 1364 1117 habeo.
1404 1066 1544 1118 Hinc
1573 1066 1729 1118 etiam
1762 1087 1891 1118 non-

64 1151 165 1202 nisi
191 1151 363 1202 obiter
392 1152 453 1201 de
490 1152 605 1202 aliis
627 1152 894 1203 nonnullis
932 1152 1272 1225 qualitatibus
1315 1151 1507 1204 Orchis
1550 1153 1888 1226 quorundam

64 1235 465 1287 individuorum
494 1237 793 1309 loquamur.

230 1324 440 1393 Scopas
464 1323 520 1373 in
565 1323 668 1372 illis
711 1322 868 1373 modo
916 1331 1080 1389 teres,
1128 1321 1286 1373 modo
1326 1323 1593 1392 suhteres,
1645 1323 1890 1391 foliosus>

64 1408 412 1480 paucisolius,
451 1408 755 1476 subnudus,
793 1408 985 1459 nudus.
1023 1408 1081 1459 In
1104 1407 1284 1460 Orche
1307 1409 1567 1461 maculata
1594 1429 1775 1461 omnes
1817 1409 1891 1461 di-

65 1504 176 1546 ctae
199 1494 475 1546 varietates
505 1512 655 1564 saepe
686 1503 994 1544 occurrunt.

229 1580 392 1632 Folia
424 1578 507 1628 vel
536 1598 700 1650 usque
725 1579 791 1628 ad
825 1578 1024 1651 aliquot
1051 1579 1264 1651 pollices
1297 1580 1414 1633 lata
1433 1587 1582 1647 sunt>
1620 1579 1704 1631 vel
1722 1599 1887 1649 angu-

63 1666 265 1729 ,πίοι-α,
304 1664 388 1714 vel
427 1666 821 1733 angustissima.
872 1663 1053 1715 Dictas
1097 1664 1373 1717 varietates
1416 1682 1596 1716 omnes
1637 1664 1788 1716 offert
1828 1663 1891 1714 Ο.

60 1748 320 1823 palustris.

229 1833 506 1886 Bracteae
536 1843 656 1886 sunt
686 1835 1030 1888 brevissimae
1047 1835 1130 1888 vel
1156 1832 1397 1907 germine
1422 1833 1597 1885 adhuc
1617 1835 1893 1887 breviores

65 1919 296 1987 (morio,
333 1919 601 1991 palustris)
633 1920 716 1970 vel
750 1940 969 1991 germen
999 1923 1308 1990 adaequant
1337 1919 1566 1987 (morio,
1616 1920 1893 1992 palustris,

66 2006 270 2077 majalis
287 2042 303 2072 >
341 2004 595 2077 speciosa)
619 2006 701 2057 vel
726 2007 966 2077 germine
999 2016 1120 2056 sunt
1144 2007 1421 2075 longiores
1446 2004 1740 2077 (palustris,
1779 2024 1890 2077 spe-

67 2090 231 2150 ciosa)
271 2091 356 2141 vel
383 2090 566 2141 florem
595 2100 644 2142 et
678 2110 898 2162 germen
937 2090 1186 2161 (majalis)
1229 2102 1506 2158 superant.
1549 2092 1687 2142 Sunt
1729 2109 1890 2162 porro

65 2177 149 2229 vel
176 2179 374 2228 virides
403 2176 657 2247 (majalis‚
695 2177 953 2227 maculata
972 2213 988 2243 9
1026 2174 1295 2247 palustris)
1327 2174 1409 2225 vel
1430 2187 1892 2244 purpurascentes

67 2262 383 2328 (maculata,
425 2261 620 2320 morio]
649 2261 732 2313 vel
758 2281 977 2325 roseae,
1014 2262 1229 2312 albidae
1262 2270 1310 2310 et
1333 2280 1370 2309 s·
1400 2280 1451 2331 p.

233 2348 425 2417 Spica,
462 2346 641 2418 prouti
674 2345 916 2418 pedicelli
939 2345 1055 2417 plus
1084 2345 1260 2395 minus
1293 2344 1441 2416 longi
1467 2343 1553 2396 vel
1591 2342 1742 2394 flores
1770 2345 1886 2415 plus

65 2430 244 2483 minus
268 2433 591 2501 propingui,
621 2439 695 2481 est
717 2431 982 2498 globosa,
1019 2429 1367 2497 subglobosa,
1395 2440 1595 2495 ovata,
1630 2430 1888 2498 cylindri·

68 2537 169 2584 ca,
209 2517 475 2585 oblonga,
508 2516 907 2585 pyramidalis,
948 2513 1148 2565 conica.
1186 2514 1348 2564 Porro
1377 2514 1461 2565 vel
1486 2512 1662 2564 brevis
1683 2514 1886 2565 vellon-

70 2619 171 2673 ga3
208 2600 354 2666 laxa,
394 2599 577 2665 densa3
603 2638 613 2650 .
633 2639 644 2650 .
663 2637 675 2650 .
694 2639 704 2651 .
738 2618 901 2671 aeque
933 2597 1022 2650 hic
1051 2598 1127 2649 nil
1156 2597 1504 2650 inconstantia
1539 2600 1880 2651 constantius.

68 2685 159 2735 Sic
192 2684 248 2735 in
275 2686 501 2737 militari
525 2683 698 2757 spicae
731 2695 1021 2736 occurrunt
1045 2695 1317 2758 sequentes
1343 2683 1646 2739 varietates:
1686 2698 1884 2752 ovata,

70 2770 336 2839 oblonga,
375 2771 570 2838 longa,
603 2771 949 2839 longissima,
986 2771 1183 2825 brevis.

235 2855 524 2908 Labellum
547 2865 621 2908 est
654 2858 947 2925 integrum,
987 2857 1355 2922 crenulatam,
1407 2856 1765 2920 serrulatum,
1808 2858 1884 2908 in·

71 2942 269 3005 cisum,
305 2941 559 2993 lobalum.
597 2942 653 2992 In
676 2940 896 3014 palustri
927 2960 1104 2992 omnes
1133 2940 1231 2992 hae
1260 2941 1534 2994 varietates
1574 2951 1881 2994 occurrunt.

239 3027 435 3076 Eadem
462 3027 665 3078 ratione
693 3046 816 3078 cum
847 3024 1027 3096 paucis
1052 3025 1395 3078 varietatibus
1425 3026 1564 3079 inter
1594 3045 1645 3077 se
1681 3025 1883 3098 genita-

74 3110 207 3162 lium
235 3110 468 3182 partium
487 3108 716 3180 formae
743 3110 880 3162 inter
911 3129 961 3160 se
994 3119 1284 3162 transeunt.

238 3194 691 3267 Contemplatione
724 3196 934 3247 tandem
963 3215 1070 3246 non
1100 3195 1277 3246 minus
1305 3196 1465 3268 digna
1498 3205 1571 3248 est
1599 3195 1753 3247 series
1797 3216 1883 3249 co-

74 3279 471 3350 Iorumflorum
506 3279 645 3334 inter
682 3283 958 3335 nonnullas
998 3279 1200 3335 Orches
1239 3281 1578 3337 observanda.
1633 3281 1682 3332 A
1720 3279 1882 3354 quali-

1548 3366 1583 3417 9
1617 3366 1645 3395 *
