2127 3775
1791 220 1858 271 27

35 365 211 427 seriei
237 363 633 425 differentiam
661 360 958 434 tollenti5‚
1004 354 1294 437 conjungi
1328 372 1439 434 per
1482 348 1730 410 tertium
1770 348 1858 405 in-

38 460 389 533 dividuum,
436 458 596 541 quod
627 472 960 540 utrumque
996 454 1270 537 priorum
1302 451 1364 507 in
1389 472 1449 507 se
1495 444 1782 506 continet.

173 556 263 606 Sic
294 577 355 607 ex
386 575 465 628 gr.
497 556 714 605 nonnisi
753 553 887 604 soliis
920 551 1002 603 vel
1045 549 1266 615 integris
1305 543 1387 595 vel
1425 539 1717 595 crenulatis
1757 537 1861 586 duo

35 641 142 719 ¹sint:
177 640 549 714 distinguenda
587 641 864 690 individua
902 632 1218 705 vegetabilia
1257 639 1306 680 et
1348 626 1579 678 occurrit
1621 622 1862 685 tertium,

38 726 128 777 cui
156 727 402 778 omnibus
442 723 658 775 caeteris
692 720 1034 794 qualitatibus
1063 716 1246 767 iisdem
1278 710 1614 763 manentibus
1643 720 1691 759 et
1738 707 1864 755 inte-

39 831 135 883 gra
165 821 283 862 sunt
324 823 373 864 et
404 810 701 874 crenulata,
741 807 943 857 clarum
977 814 1050 854 est
1095 803 1149 852 in
1184 801 1271 849 illo
1305 808 1591 866 utrumque
1623 792 1862 866 priorum

38 898 243 949 includi
289 907 337 950 et
384 895 515 947 illud
565 894 721 945 simul
773 902 1063 963 utrumque
1115 887 1360 960 priorum
1414 884 1677 952 jungere,
1739 875 1860 947 quia

38 995 327 1056 utrumque
367 981 613 1034 continet.
663 981 721 1030 In
770 978 883 1029 aliis
925 977 1099 1027 forsan
1154 967 1445 1023 individuis
1498 960 1866 1030 terminologia

39 1069 266 1122 advertit
309 1078 357 1119 et
398 1065 743 1138 integerrima
783 1073 833 1114 et
869 1061 1178 1130 subintegra
1215 1055 1338 1107 solia
1388 1061 1438 1103 et
1482 1047 1650 1118 magis
1693 1055 1741 1095 et·
1774 1043 1869 1094 mi-

39 1175 140 1206 nus
191 1153 460 1205 crenulata
516 1160 565 1202 et
610 1149 864 1200 seri-ulata
915 1156 966 1198 et
1013 1167 1050 1197 s.
1088 1166 1138 1216 p.
1206 1141 1308 1192 Hic
1345 1135 1573 1200 omnino·
1609 1133 1736 1181 (luas
1784 1147 1871 1179 va-

37 1239 247 1291 rietates
293 1239 511 1310 jamjam
549 1234 950 1287 determinatam
988 1227 1367 1282 successionem
1405 1222 1440 1272 i.
1487 1239 1530 1271 e.
1580 1220 1770 1270 seriem
1807 1213 1872 1264 si-

38 1335 227 1377 stentes
267 1323 526 1373 habemus
563 1331 613 1372 et
658 1319 877 1371 omnino
916 1317 1156 1369 videmus
1207 1310 1395 1360 seriem
1442 1324 1546 1357 esse
1595 1304 1744 1354 illam
1779 1320 1874 1351 no-

37 1413 267 1476 tionem,
306 1408 402 1459 sub
437 1426 540 1479 qua
576 1406 665 1455 illa
705 1402 979 1455 diversitas,
1017 1399 1243 1470 disparet
1288 1404 1338 1445 et
1373 1391 1651 1443 individua
1685 1389 1869 1440 homo-

34 1515 212 1566 genea
248 1493 399 1545 fiunt.
439 1491 589 1547 Cuni
629 1499 809 1541 autem
847 1507 940 1538 nos
993 1483 1192 1535 hancce
1231 1478 1535 1554 qualitatem
1573 1472 1868 1524 secundum

39 1580 244 1632 nullam
267 1578 508 1651 regulam
540 1576 844 1648 legerimus,
872 1572 960 1623 sed
987 1567 1302 1634 voluntarie,
1343 1565 1527 1616 eodem
1553 1561 1670 1633 jure
1688 1577 1873 1631 quam-

39 1664 169 1715 libet
200 1663 356 1713 aliam
385 1660 689 1734 qualitatem
719 1678 760 1710 e.
780 1677 859 1731 gr.
886 1656 1117 1728 pilorum
1147 1670 1297 1725 prae·
1330 1660 1381 1701 et
1406 1646 1712 1710 absentiam,
1750 1641 1874 1693 folia

45 1768 221 1821 sparsa
259 1758 308 1799 et
344 1747 578 1819 opposita
623 1764 665 1796 e.
697 1766 733 1794 s.
764 1765 813 1815 p.
852 1743 1028 1813 legere
1065 1738 1447 1812 potuissemus,
1488 1743 1536 1785 et
1572 1731 1698 1782 hinc
1732 1725 1876 1799 quod

47 1834 110 1885 de
146 1853 254 1884 una
276 1869 292 1900 ,
346 1833 408 1883 de
455 1831 704 1882 omnibus
741 1827 879 1877 valet
914 1824 1290 1898 qualitatibus,
1353 1821 1426 1872 ita
1453 1856 1468 1886 ,
1515 1827 1577 1869 ut
1611 1815 1675 1866 sit
1710 1813 1878 1864 soluta

44 1919 219 1992 prima
259 1917 569 1982 difficultas,
610 1923 660 1964 et
695 1930 787 1962 nos
825 1930 928 1982 qua
966 1910 1138 1981 legem
1175 1906 1408 1959 stabilire
1444 1901 1728 1977 possimus:

185 2007 247 2061 Se·
272 2008 374 2056 duo
398 2014 491 2054 aut
514 2002 679 2067 plara
701 1998 978 2049 individua
1009 1999 1061 2046 in
1091 1995 1336 2048 omnibus
1361 1980 1470 2043 ιιηά
1499 1997 1725 2053 excepta
1751 2003 1880 2057 qua-

45 2090 198 2142 litate
224 2098 529 2157 congrmznt
544 2127 560 2153 ,
600 2085 729 2137 illae
763 2093 939 2133 aulem
969 2083 1215 2133 diversae
1242 2078 1534 2147 qualitates
1563 2072 1782 2128 nonnisi
1801 2080 1885 2121 ta-

47 2176 128 2228 les
163 2170 594 2239 modificationes
630 2171 787 2221 unias
833 2178 958 2220 sant
986 2205 1002 2232 ,
1072 2176 1130 2216 ut
1180 2166 1233 2215 in
1280 2163 1420 2214 serie
1469 2157 1883 2224 lermz'nologz'ca

48 2281 158 2330 qua
193 2261 433 2312 membra
471 2259 849 2310 contineantur
873 2292 890 2318 ,
944 2251 1041 2303 illa
1079 2249 1357 2300 individua
1390 2263 1495 2316 pro
1535 2239 1881 2310 homogeneis

53 2346 388 2398 declaranda
424 2351 563 2394 sunt.
604 2339 661 2388 Si
690 2357 815 2409 ergo
855 2337 903 2386 A
934 2333 1182 2407 ponimus
1220 2332 1335 2382 loco
1368 2329 1671 2400 complexus
1714 2323 1883 2376 omni-

54 2450 150 2481 um
187 2428 499 2501 qualitatum
535 2424 695 2476 unica
743 2431 956 2493 excepta
988 2456 1003 2486 ,
1056 2437 1190 2491 quae
1238 2416 1446 2467 dicatur
1482 2414 1516 2465 b
1557 2423 1605 2464 et
1640 2431 1774 2484 quae
1819 2409 1885 2462 sit

55 2514 360 2566 membrum
410 2510 602 2578 seriei,
655 2510 804 2581 cujus
842 2507 1022 2576 imago
1059 2522 1310 2576 sequens:
1360 2501 1428 2567 b,
1477 2499 1530 2550 bl
1563 2535 1578 2566 ,
1616 2499 1721 2564 bu,
1759 2496 1882 2561 bffl,

57 2599 170 2666 ΒΝ,
207 2599 276 2653 bv
316 2636 326 2649 .
367 2636 378 2648 .
419 2635 429 2647 .
469 2634 481 2646 .
520 2635 532 2647 .
571 2615 613 2647 e.
652 2616 692 2651 s.
728 2616 779 2667 p.
819 2592 1087 2644 neminem
1125 2588 1340 2654 latebit,
1379 2586 1538 2638 etiam
1575 2582 1882 2648 individua,

59 2695 120 2737 ut
147 2685 262 2750 Ab3
289 2683 450 2748 Ab1113
488 2680 641 2745 Abv3
681 2719 692 2731 .
733 2718 744 2730 .
783 2717 795 2730 .
836 2717 847 2730 .
887 2715 899 2728 .
938 2697 980 2728 e.
1007 2697 1043 2727 s.
1074 2697 1123 2748 p.
1153 2674 1293 2726 inter
1321 2692 1372 2723 se
1398 2670 1727 2741 homogenea
1761 2686 1884 2718 esse.

60 2769 376 2842 Exemplum
414 2776 489 2819 sat
533 2764 831 2817 luculenter
876 2781 990 2813 rem
1049 2762 1412 2815 demonstrans
1468 2755 1682 2807 exhibet
1734 2752 1888 2804 nobis

62 2868 140 2912 sat
175 2867 295 2908 nota
330 2855 643 2908 Antirrhini
687 2853 950 2906 Linariae
993 2852 1124 2905 Lin.
1169 2847 1392 2901 varietas
1432 2843 1647 2898 Peloria
1697 2839 1777 2900 (J.
1806 2836 1886 2892 Ε.

67 2943 264 2998 Smith:
301 2938 524 3014 English
554 2939 763 3010 Botany
795 2937 880 2988 IV.
913 2936 1029 2988 Vol.
1071 2935 1139 2988 T.
1168 2932 1311 2993 960).

205 3026 348 3078 Haec
391 3045 489 3099 pro
522 3025 728 3079 diverso
761 3021 1027 3095 quondam
1061 3038 1286 3093 genere,
1326 3023 1448 3076 (nec
1483 3010 1762 3088 principiis
1798 3010 1889 3062 bo-

67 3114 274 3169 tanicae
313 3113 442 3164 adeo
466 3112 724 3164 absonum
764 3109 888 3168 fuit)
910 3145 926 3175 ,
962 3107 1289 3172 habebatur,
1326 3113 1502 3178 postea
1535 3118 1633 3173 pro
1662 3097 1892 3170 hybrida

71 3197 379 3254 Antirrhini
421 3197 590 3250 forma
619 3236 634 3265 ,
697 3216 728 3248 a
773 3193 1158 3248 recentioribus
1203 3190 1452 3244 omnibus
1495 3188 1675 3260 juncta
1724 3183 1893 3235 dictae

74 3284 282 3358 speciei.
319 3283 376 3335 In
412 3282 629 3355 reliquis
666 3300 854 3355 nempe
892 3278 1209 3332 conveniens
1246 3297 1370 3330 cum
1407 3275 1546 3327 dicto
1576 3269 1898 3326 Antirrhinof

78 3371 326 3425 corollam
351 3388 458 3423 non
487 3370 637 3424 offert
667 3369 964 3440 ringentem
998 3365 1442 3432 unicalcaratam,
1478 3362 1567 3432 sed
1592 3358 1895 3412 tubulosam
