2127 3775
78 443 128 504 §.
179 438 263 494 11,
317 437 837 498 Diversorum
890 458 1342 518 organorum
1387 442 1457 498 in
1511 438 1809 519 plantis

203 545 644 592 constantes
686 535 1294 595 combinationes
1337 536 1692 596 existunt.

204 668 386 727 Porro
411 666 609 726 adhuc
639 668 970 726 notandum
987 714 1001 738 ,
1045 668 1208 749 quod
1231 692 1350 726 non
1367 670 1627 728 sufficiat
1647 669 1851 746 singu-

39 766 238 823 larum
266 765 626 847 qualitatum
668 763 1141 823 modificationes
1186 763 1260 821 ad
1302 787 1484 823 unam
1528 763 1851 827 reducere,

39 860 143 918 sed
174 862 419 939 insuper
443 859 622 916 simul
639 859 1110 918 combinationes
1130 853 1491 940 qualitatum
1512 905 1526 930 ,
1556 869 1852 939 quantum

41 955 171 1014 fieri
196 956 431 1024 licebit,
474 955 884 1034 respiciamus,

202 1048 257 1097 In
282 1047 620 1119 anorganicis
653 1048 870 1120 quidem
887 1047 1025 1099 inter
1050 1046 1279 1099 diversas
1295 1045 1566 1120 qualitates
1580 1046 1754 1096 nullus
1771 1066 1858 1096 no-

42 1130 216 1182 tabilis
242 1150 424 1181 nexus.
463 1132 671 1183 Pondus
688 1133 830 1183 enim
858 1131 1183 1205 specificum,
1212 1131 1400 1198 forma,
1421 1131 1637 1182 durities
1663 1140 1711 1182 et
1741 1152 1777 1181 s.
1807 1152 1855 1202 p.

37 1236 67 1266 a
94 1236 145 1267 se
178 1215 410 1269 invicem
439 1238 545 1268 non
576 1219 870 1289 dependent
900 1227 947 1269 et
982 1237 1090 1268 non
1118 1218 1341 1289 amplius
1377 1215 1688 1281 cohaerent,
1727 1214 1859 1281 nisi,

37 1302 179 1374 quod
201 1302 256 1352 in
288 1303 471 1353 eodem
500 1303 778 1354 individuo
805 1302 1156 1353 diversissima
1187 1301 1534 1373 heteronyma
1580 1319 1862 1352 occurrere

36 1387 266 1459 possint,
305 1387 435 1459 quin
463 1387 601 1438 inter
632 1406 682 1437 se
709 1385 1056 1454 cohaereant,
1096 1387 1131 1438 i.
1165 1406 1207 1438 e.
1240 1407 1290 1437 se
1322 1397 1538 1458 poscant
1566 1387 1649 1438 vel
1690 1386 1862 1437 exclu-

41 1473 179 1525 dant.
215 1476 270 1523 ln
301 1472 566 1545 organicis
596 1491 723 1524 vero
751 1473 1045 1544 permultae
1075 1483 1196 1524 sunt
1224 1472 1522 1546 qualitates,
1561 1491 1695 1543 quae
1740 1471 1864 1521 alia-

38 1579 160 1609 rum
187 1558 538 1631 praesentiam
566 1558 649 1609 vel
674 1568 979 1631 supponunt
1005 1559 1089 1610 vel
1108 1558 1408 1610 excludunt.
1447 1557 1566 1607 Illae
1585 1556 1862 1607 relationes

39 1654 329 1696 tractamen
350 1643 733 1717 vegetabilium
759 1644 928 1695 multo
969 1643 1178 1696 facilius
1215 1663 1342 1717 prae
1386 1643 1474 1693 illo
1515 1641 1863 1714 anorganico-

40 1749 162 1781 rum
187 1729 440 1798 reddent,
490 1729 589 1782 uhi
614 1729 791 1783 nullus
827 1729 942 1782 talis
977 1749 1218 1803 unquam
1264 1727 1637 1782 observabitur
1680 1744 1860 1777 nexus.

38 1949 89 2009 §.
130 1945 218 2001 12.
262 1942 587 2004 Nomina
644 1958 717 2004 et
766 1945 1463 2006 denominationes
1517 1943 1866 2023 proprie-

819 2052 1086 2098 tatum.

124 2214 164 2262 ἢ
204 2205 458 2264 Talibus
485 2207 780 2266 institutis
812 2219 872 2267 et
893 2229 1055 2265 nexu
1093 2205 1355 2290 quodam
1399 2207 1559 2265 inter
1603 2204 1866 2264 diversas

45 2300 360 2383 qualitates
388 2303 630 2360 invento
648 2348 667 2379 ,
713 2323 809 2360 res
831 2303 1051 2359 summi
1079 2303 1195 2360 erit
1231 2301 1554 2372 momenti,
1611 2301 1868 2381 qualita-

44 2410 132 2455 tes
162 2410 221 2455 et
249 2418 471 2457 nexum
502 2397 675 2455 bonis
700 2396 1048 2455 nominibus
1083 2409 1143 2454 et
1171 2395 1760 2453 denominationibus
1778 2395 1868 2452 in-

43 2506 310 2564 struere,
354 2507 414 2552 et
442 2495 540 2552 hic
570 2492 724 2552 duae
749 2493 1130 2573 potissimum
1162 2491 1409 2570 regulae
1442 2502 1622 2548 erunt
1663 2490 1867 2547 obser-

44 2588 302 2647 vandae:
338 2591 448 2646 1⁰¹⁰·
469 2600 533 2646 ιιῑ
571 2613 648 2648 ex
668 2600 895 2648 natura
925 2592 1014 2648 rei
1028 2586 1446 2657 denominatio,
1484 2606 1664 2666 quam
1683 2585 1870 2641 maxi-

46 2705 144 2743 me
165 2683 229 2742 id
258 2685 387 2743 fieri
413 2685 663 2764 poterit,
705 2695 1013 2755 sumatur,
1045 2684 1186 2766 quia
1208 2681 1485 2740 citissime
1508 2678 1870 2758 intelligitur

48 2791 107 2837 et
135 2780 527 2850 reinvenitur,
573 2801 682 2837 nec
709 2778 847 2838 inde
871 2780 1225 2838 memoriam
1253 2776 1495 2859 premit,
1530 2773 1631 2835 2⁶⁰·
1661 2789 1733 2835 ut
1748 2797 1870 2834 uno

49 2872 221 2934 verbo
244 2875 685 2955 Terminologia
711 2896 889 2956 quam
918 2875 1182 2955 plurima
1206 2877 1526 2952 exprimat.

217 2967 388 3039 Hujus
414 2969 525 3036 rei,
565 2989 689 3022 cum
718 2968 806 3021 vix
839 2987 898 3019 ex
930 2957 1189 3020 botanicis
1217 2965 1516 3038 exemplum
1544 2962 1739 3016 adduci
1753 2983 1867 3036 pos·

49 3053 140 3119 sit,
179 3052 307 3124 quid
343 3052 398 3104 in
426 3054 569 3107 omni
585 3054 675 3106 tali
704 3073 828 3106 casu
858 3052 1160 3105 faciendum
1188 3060 1294 3118 est,
1331 3049 1540 3117 faciam,
1575 3049 1641 3100 ad
1668 3048 1865 3101 fontem

51 3138 210 3190 redeo
237 3148 284 3190 et
307 3140 488 3191 audias
507 3178 522 3208 ,
560 3141 812 3193 benevole
841 3141 1033 3206 lector,
1072 3136 1370 3210 exemplum
1401 3154 1463 3186 ex
1490 3133 1865 3207 mineralogia,

55 3225 269 3296 ejusque
301 3224 365 3274 de
400 3225 606 3292 valore,
645 3224 686 3275 si
719 3223 1061 3298 perpenderis
1102 3222 1230 3273 boni
1268 3219 1500 3273 nominis
1543 3219 1865 3293 postulatus,

51 3310 267 3380 judices.
307 3309 381 3360 lbi
414 3309 633 3362 unicum
659 3330 852 3363 nomen
883 3310 1349 3363 rleomboedricum
1374 3305 1640 3377 designat:
1668 3308 1714 3356 1.
1739 3306 1869 3373 ejus-
