2127 3775
1873 161 1934 210 71

98 303 175 354 (et
203 292 305 346 hoc
339 314 496 347 nemo
523 291 700 343 adhuc
724 291 940 364 negavit
960 329 976 358 7
1014 289 1139 341 alias
1168 310 1274 341 non
1307 288 1595 340 haberetur
1627 306 1723 359 pro
1748 284 1939 336 indivi-

95 380 203 432 duo
224 380 257 430 i.
289 400 332 431 e.
362 392 481 433 ente
510 379 747 451 singulo)
780 378 932 429 illum
962 377 1134 449 logica
1164 377 1307 448 cogit
1326 413 1340 442 7
1380 387 1431 427 et
1460 375 1712 443 speciem,
1749 390 1939 440 genus,

97 468 342 520 ordinem
376 489 418 520 e.
456 489 499 519 s.
535 486 590 534 ρ.
640 485 736 538 per
768 463 1272 537 physicohistoricas
1308 460 1654 534 proprietates
1699 457 1941 510 determi-

98 552 218 604 nari
242 573 404 621 posse
429 552 556 602 hinc
584 553 811 619 debere,
853 561 910 603 ut
942 550 1216 602 concedat.

177 756 222 815 §.
263 750 356 813 47.
404 748 721 825 Quaevis
763 748 1214 828 proprietas
1250 743 1549 803 evenire
1597 751 1869 822 potest

686 841 1367 902 characteristica.

259 997 677 1080 Quaecunque
726 996 1069 1078 proprietas
1106 1043 1119 1070 ,
1189 998 1249 1055 si
1282 991 1631 1071 distinguit,
1695 986 1950 1046 evadere

98 1106 299 1177 potest
327 1094 851 1168 characteristica,
887 1107 946 1153 et
980 1097 1206 1174 optima
1243 1104 1361 1163 est,
1406 1110 1561 1172 quae
1608 1088 1833 1166 optime
1866 1082 1958 1140 di-

101 1191 375 1272 stinguit.
443 1191 773 1251 Clearacter
803 1191 946 1251 inde
986 1189 1275 1272 prodiens
1305 1200 1395 1246 est
1433 1181 1960 1266 playsc'colzistorc'-

102 1310 212 1349 cus
232 1335 246 1360 ,
292 1288 479 1347 alium
515 1288 813 1347 naturalis
846 1288 1097 1345 historia
1130 1309 1254 1344 non
1287 1281 1552 1362 respicit.

240 1384 288 1433 A
324 1383 495 1455 priori
540 1402 881 1455 nequaquam
931 1380 1039 1432 dici
1078 1390 1293 1453 potest,
1360 1395 1626 1450 quaenam
1675 1391 1803 1445 prae
1844 1370 1959 1421 aliis

102 1468 291 1520 melius
322 1468 426 1519 sint
466 1467 811 1522 distincturae
857 1476 1044 1535 notae,
1085 1477 1133 1518 et
1164 1465 1293 1517 hinc
1325 1462 1543 1536 majoris
1584 1460 1688 1511 sint
1721 1456 1955 1508 habendi

104 1549 345 1607 valoris?
373 1585 441 1593 —
471 1553 672 1605 Omnes
707 1573 814 1605 esse
840 1562 1074 1626 possunt.
1113 1553 1240 1604 Erit
1270 1561 1448 1602 autem
1480 1565 1692 1616 semper
1725 1557 1858 1597 nota
1889 1546 1962 1595 di-

104 1640 415 1692 stinctionis
447 1678 462 1704 ,
516 1658 870 1710 quaecunque
907 1641 1055 1690 intra
1094 1638 1389 1706 sphaeram
1428 1634 1664 1687 notionis
1710 1632 1965 1702 proxime

106 1726 324 1778 altiorzs
377 1742 566 1776 secure
615 1724 911 1792 distissnguzt
967 1721 1048 1771 Ex
1087 1717 1423 1792 argumentis
1475 1717 1692 1790 quidem
1753 1713 1966 1786 physio-

103 1812 292 1908 logicis
320 1831 412 1862 seu
435 1809 612 1882 potius
643 1808 926 1881 biologicis
966 1818 1220 1860 notarum
1247 1805 1563 1878 dignitatem
1593 1800 1841 1853 nonnulli
1878 1800 1962 1850 de-

103 1898 280 1949 rivare
310 1897 629 1963 voluerunt
670 1895 760 1946 sed
801 1894 934 1944 haec
968 1893 1127 1944 unice
1167 1911 1264 1964 pei
1306 1891 1592 1942 utzlztatem
1634 1895 1802 1959 potest
1842 1882 1966 1935 defi-

106 1983 232 2037 niri.
271 1982 416 2054 Quid
450 1983 512 2033 de
551 1981 859 2033 charactere
898 1977 1195 2045 essentiali,
1233 1975 1468 2028 naturali
1515 1994 1557 2025 e.
1589 1993 1625 2023 5.
1655 1993 1706 2044 p.
1743 1971 1963 2038 dicunt,

109 2091 176 2126 ne
204 2090 330 2121 cum
370 2069 460 2120 illo
503 2079 726 2120 naturae
764 2066 1019 2119 historiae
1060 2063 1283 2160 proprio
1327 2061 1717 2126 confundatur>
1756 2056 1966 2108 huncce

114 2132 416 2208 secundum
445 2174 597 2205 suam
627 2153 908 2205 scientiam
939 2151 1280 2203 nominemus
1307 2148 1682 2202 characlerem
1710 2145 1811 2214 phy
1820 2146 1969 2196 3ιο0-

110 2243 430 2296 Izi'slorzcum
467 2243 504 2295 i.
543 2261 588 2293 e.
628 2240 1055 2302 Characterem,
1106 2257 1196 2306 qm
1238 2237 1293 2286 in
1336 2233 1568 2290 lus-toria
1607 2231 1857 2284 natur-alt
1898 2231 1970 2280 di·

113 2330 364 2398 slingm't:
405 2327 560 2399 plura
591 2325 907 2399 praestanda
932 2322 1021 2374 hic
1053 2342 1163 2373 non
1189 2319 1367 2371 habet.
1405 2320 1649 2371 Linnaez‘
1693 2316 1971 2368 character

112 2413 369 2466 naturalis
398 2412 572 2487 potius
613 2422 686 2464 est
718 2409 1030 2482 descriptio,
1071 2408 1134 2458 de
1176 2426 1282 2480 qua
1326 2425 1434 2457 non
1474 2404 1651 2476 prius,
1704 2422 1865 2477 quain
1911 2403 1966 2451 in

117 2499 307 2574 quinto
340 2498 510 2572 capite
543 2518 717 2551 sermo
752 2516 861 2549 esse
887 2494 1099 2569 poterit.

470 2705 520 2765 ᾗ.
556 2696 648 2755 48.
706 2696 1221 2756 Characteres
1269 2691 1636 2772 negativi.

282 2852 439 2910 Cum
480 2848 1013 2909 Characteristicae
1045 2847 1301 2907 unicum
1336 2866 1564 2904 munus
1610 2846 1718 2917 sit,
1768 2844 1978 2904 distin-

125 2947 382 3040 guendi,
425 2946 491 3006 id
523 2959 727 3005 autem
760 2967 882 3003 non
915 2945 1116 3002 minus
1164 2963 1237 3001 ne
1237 2947 1460 3023 ἔςἀῑῐινο,
1505 2961 1688 3023 quam
1727 2943 1978 3020 positivo

129 3044 310 3105 modo
344 3044 476 3103 fieri
518 3043 736 3124 possit,
781 3043 1158 3101 characteres
1197 3043 1453 3120 negativi
1483 3036 1750 3105 tamdim
1796 3056 1978 3116 quam

131 3141 546 3220 distinguunt,
590 3139 838 3197 omnino
876 3150 1057 3197 crunt
1088 3135 1467 3194 admittendi.

269 3235 438 3286 Notae
468 3234 750 3306 negativae
782 3234 839 3285 in
879 3234 1246 3303 Systematica
1280 3230 1428 3282 omni
1468 3231 1589 3302 jure
1626 3228 1977 3301 rejiciuntur,

135 3320 345 3373 nonnisi
373 3321 504 3393 quid
532 3321 800 3392 objectum
829 3340 937 3374 non
966 3320 1060 3386 sit,
1101 3318 1455 3392 exprimentes
1474 3354 1491 3384 ,
1532 3324 1582 3367 et
1606 3333 1666 3366 ex
1693 3312 1977 3385 negatione
