2127 3775
1851 241 1914 294 61

87 387 409 441 quamquam
456 387 563 419 non
603 364 1077 439 physicohistorica
1118 366 1335 417 nomina
1379 383 1502 416 vera
1541 374 1590 418 et
1626 367 1919 419 constantia

85 464 269 520 essent,
297 455 476 505 saltem
498 453 788 506 telluricam
809 453 1074 526 quandam
1098 452 1355 504 rationem
1375 451 1830 505 communicarent
1855 485 1921 493 —·

85 541 175 591 sed
204 540 291 592 hic
321 552 395 593 est
426 542 580 612 longe
610 541 909 592 rarissimus
939 559 1107 593 casus.
1147 538 1238 589 Iris
1267 548 1442 590 autem
1475 541 1696 592 sibirica
1725 539 1782 590 in
1807 541 1921 592 Aa·

82 629 249 692 stria,
291 626 504 677 Genista
539 626 822 691 hispanica
853 626 907 675 in
938 625 1261 691 Dalmatia,
1302 624 1609 696 Pinguicola
1643 627 1829 695 alpina
1863 626 1921 678 in

84 731 422 785 nequaquam
467 714 662 782 alpinis
703 730 1016 775 occurrens,
1068 729 1134 759 an
1174 710 1400 760 multum
1435 709 1684 760 dissimile
1718 711 1866 763 audit
1892 731 1923 762 a

81 800 398 871 pulmonum
426 799 845 851 inflammatione
872 797 929 847 in
960 796 1126 868 capite
1154 796 1237 847 vel
1261 796 1560 846 abdominis
1589 797 1643 847 in
1667 808 1877 869 pectore
1895 793 1922 848 ‘z'

81 886 163 936 vel
187 886 477 959 Hungarus
506 884 820 935 Viennensis
846 884 928 934 vel
954 881 1221 933 Bohemus
1248 878 1596 953 hispanicus?
1625 883 1672 932 A
1693 882 1923 933 ridiculo

80 968 207 1021 hinc
237 973 343 1042 jam
375 991 482 1021 non
513 971 742 1021 multum
772 979 972 1021 remota
1003 987 1109 1019 esse
1142 967 1401 1040 ejusmodi
1433 967 1922 1035 denominationes,

78 1056 270 1107 multos
299 1076 405 1106 non
427 1054 582 1106 fallet.
626 1055 855 1106 Nomina
881 1053 1097 1126 propria
1134 1052 1431 1125 insignium
1458 1053 1702 1106 virorum
1726 1054 1809 1104 vel
1835 1054 1922 1105 ad·

77 1143 269 1213 jectiva
302 1161 363 1192 ex
396 1142 498 1192 illis
531 1141 753 1193 formata
786 1159 955 1213 neque
983 1150 1181 1213 augent
1203 1140 1477 1191 scientiam
1503 1160 1602 1193 nec
1633 1140 1924 1191 memoriae

78 1237 432 1294 succurrunt,
484 1246 702 1298 perraro
742 1226 885 1276 enim
921 1225 1059 1276 inter
1087 1224 1380 1296 plantulam
1409 1235 1457 1277 et
1488 1226 1719 1279 auctoris
1745 1228 1922 1310 ‘iujus-

77 1315 199 1364 dam
228 1323 463 1363 nostram
489 1313 662 1363 ideam
696 1322 837 1363 tanta
867 1310 1160 1361 similitudo
1189 1310 1318 1376 erit,
1357 1329 1491 1382 quae
1520 1311 1697 1363 notari
1724 1330 1924 1362 merea-

75 1410 179 1451 tur.
219 1399 360 1448 Hinc
396 1398 724 1448 substantiva
758 1397 867 1448 uti:
907 1394 1233 1460 Columnae,
1270 1393 1537 1462 Bauhini‚
1585 1407 1634 1448 et
1664 1396 1924 1468 adjectiva

77 1486 155 1537 uti
199 1483 480 1551 Clusiana‚
535 1474 947 1533 WVulfenianum
988 1501 1031 1533 e.
1072 1502 1109 1532 s.
1135 1502 1187 1553 p.
1227 1479 1434 1552 penitus
1478 1492 1600 1533 sunt
1645 1483 1923 1534 exulanda.

76 1572 187 1622 Nec
216 1570 431 1622 ferenda
463 1570 722 1641 adjectiva
756 1590 784 1619 a
812 1567 1225 1621 circumstantiis
1256 1565 1660 1640 mythologicis‚
1714 1568 1923 1621 histori-

75 1657 179 1724 cis,
218 1656 472 1709 technicis
507 1657 590 1707 vel
629 1655 775 1721 aliis,
827 1655 936 1705 uti:
987 1653 1260 1725 poeticus²
1314 1651 1560 1721 hircina,
1609 1654 1923 1722 officinalis,

75 1743 335 1810 sativum,
376 1741 649 1807 cardiaca9
688 1758 867 1790 annua
899 1758 941 1789 e.
974 1758 1011 1789 s,
1036 1758 1092 1810 p.
1130 1737 1276 1788 Haec
1312 1737 1557 1790 valebant
1600 1738 1662 1789 de
1706 1741 1925 1793 relatio-

74 1830 234 1880 nibus
261 1848 368 1880 non
403 1827 938 1896 physieolzistoricis,
989 1824 1079 1874 sed
1111 1842 1210 1874 nec
1239 1822 1297 1873 in
1331 1822 1460 1891 illis,
1508 1842 1643 1895 quae
1674 1828 1924 1896 proprie-

76 1926 216 1966 tates
252 1912 521 1963 individui
562 1911 858 1983 exprimere
901 1909 1120 1975 debent,
1167 1907 1339 1958 omnis
1378 1908 1554 1960 cautio
1584 1910 1921 1982 negligenda.

76 2000 216 2050 Hinc
259 1998 586 2071 proprietas,
636 2016 769 2070 quae
805 2017 916 2049 non
957 1996 1202 2048 omnibns
1231 1993 1468 2065 ejusdem
1499 1995 1692 2066 speciei
1732 1996 1926 2047 indivi-

77 2086 194 2136 duis
229 2084 506 2151 convenit,
545 2101 652 2133 non
681 2083 858 2133 minus
890 2081 1026 2132 male
1056 2081 1222 2148 lecta,
1270 2098 1432 2152 quam
1468 2099 1604 2152 quae
1644 2102 1753 2134 non
1788 2085 1925 2135 satis

75 2170 370 2243 distinguit.
423 2170 512 2220 Sic
550 2170 840 2220 Hieracum
882 2178 932 2219 et
971 2165 1388 2238 Ornithogalum
1428 2167 1776 2218 umbellalczm
1810 2171 1922 2219 sine

74 2260 341 2324 ambella,
396 2255 588 2306 Orchis
616 2252 810 2325 bifolia
848 2275 968 2307 cum
991 2249 1447 2322 pluribnsfoliis,
1495 2253 1773 2305 maculata
1807 2256 1922 2304 sine

73 2345 328 2410 maculis,
378 2340 549 2392 Carex
591 2352 788 2392 nutans
824 2361 931 2392 non
973 2351 1198 2404 nutans,
1251 2336 1537 2388 Valeriana
1579 2337 1952 2404 rubraflore'

74 2430 199 2480 albo
228 2447 270 2477 e.
305 2448 340 2478 s,
371 2449 421 2499 p.
463 2434 630 2500 (quae
657 2425 1009 2498 expressiones
1033 2425 1141 2495 jam
1175 2422 1679 2494 circulo-quadrato,
1717 2422 1919 2495 frigido

73 2515 262 2581 calido,
295 2533 337 2564 e.
367 2534 402 2563 s.
432 2534 482 2584 p.
512 2514 735 2575 similes)
763 2513 944 2563 eadem
977 2510 1180 2562 ratione
1205 2509 1340 2560 male
1369 2508 1724 2575 denominata,
1755 2528 1915 2580 quam

73 2610 343 2673 sequentes
370 2599 563 2671 species
590 2600 779 2651 exinde
799 2635 814 2665 9
855 2597 980 2670 quia
1011 2596 1319 2670 qualitates,
1371 2613 1400 2643 a
1439 2592 1635 2666 quibus
1662 2593 1794 2644 lecta
1824 2613 1915 2645 no-

72 2685 250 2751 mina,
300 2703 637 2757 nequaquam
680 2683 996 2748 exclusivae,
1055 2681 1212 2752 longe
1266 2678 1446 2730 multis
1488 2677 1745 2728 Narcissis
1791 2698 1914 2729 con-

73 2770 327 2837 veniunt,
375 2769 483 2822 uti:
539 2768 811 2820 Narcissus
836 2765 1231 2840 poculiformi39
1269 2763 1620 2831 tubaeflorus,
1657 2763 1912 2828 biflorus,

73 2854 427 2929 polyanthus9
465 2855 712 2927 patulus,
752 2853 1079 2925 longiflorus,
1111 2852 1322 2918 odorus,
1360 2858 1570 2917 nutans,
1610 2860 1910 2916 coronatus,

72 2939 626 3009 infundibulisormis,
679 2940 909 2991 inflatus.
949 2938 1268 3012 Quicunque
1312 2935 1594 2987 nonnullos
1637 2935 1910 2987 Narcissos

73 3027 454 3098 contemplatus
484 3027 612 3095 erit,
651 3045 881 3098 quacum
909 3025 1185 3078 voluntate
1214 3022 1343 3075 haec
1374 3020 1595 3074 nomina
1625 3018 1759 3073 lecta
1789 3020 1910 3087 sint,

71 3113 289 3165 videbit.

237 3197 645 3252 Inconstantiam
672 3206 851 3249 autem
881 3195 1154 3267 cujusdam
1181 3191 1513 3268 proprietatis
1540 3209 1638 3265 per
1660 3192 1907 3245 voculam

71 3284 169 3335 sub
195 3282 454 3355 adjectivo
476 3283 826 3356 praepositam
862 3281 1009 3357 quasi
1048 3283 1383 3336 abscondere
1409 3279 1574 3346 velle,
1620 3276 1908 3331 scientifica

72 3365 349 3420 methodus
386 3387 559 3440 neque
608 3370 896 3422 concedere
941 3377 1138 3440 potest,
1186 3387 1309 3418 nam
1357 3368 1410 3418 in
1446 3366 1686 3419 scientiis
1727 3366 1907 3416 omnia
