2127 3775
268 143 335 197 24

240 268 626 350 templatur,
669 272 766 330 hic
800 270 1096 329 enodandi
1129 293 1239 330 nec
1267 271 1465 344 locuS‚
1508 293 1616 331 nec
1652 272 1943 351 spatium:
1993 283 2078 331 at-

269 377 468 425 tamen
508 367 745 425 nonnisi
776 364 1190 444 indigitemuS,
1236 388 1624 448 quascunque
1667 365 1813 424 duas
1848 389 1942 426 res
1984 368 2081 426 vel

267 460 330 518 in
378 462 655 518 omnibus
705 460 826 518 suis
869 461 1261 541 qualitatihus
1304 461 1536 519 easdem
1580 484 1704 519 esse
1751 461 1971 521 debere
2022 475 2082 520 et

268 555 408 615 dein
443 556 760 626 ιἀἷεηίίεαε,
804 557 898 614 vel
941 578 1064 613 non
1106 554 1377 628 easdem,
1439 569 1497 613 et
1541 578 1665 614 esse
1709 555 2082 639 differentes.

267 651 329 709 Si
362 671 499 708 vero
535 651 648 709 hae
681 651 1048 710 differentiae
1079 651 1190 708 sub
1224 655 1460 710 notione
1495 651 1759 731 quadam
1800 651 2082 708 collectae

267 767 615 805 evanescere
645 759 916 828 possunt,
953 745 1226 828 adquam
1253 747 1473 804 relatae
1510 769 1629 804 non
1667 746 1923 824 amplius
1968 743 2084 802 dif-

264 838 490 912 ferunt,
519 862 614 900 res
633 842 1020 921 homogeneae
1037 854 1345 921 apparent.
1391 842 1450 899 Si
1481 864 1679 922 neque
1696 841 1809 897 hoc
1843 841 2080 912 valeret,

270 935 422 993 nihil
470 937 726 1017 amplius
769 947 1049 1007 restaret,
1107 937 1221 994 nisi
1267 937 1362 995 vel
1399 938 1610 997 Similes
1646 937 1759 994 sibi
1803 957 1926 994 esse
1957 934 2087 992 illas

267 1050 359 1089 res
393 1031 487 1089 vel
522 1031 846 1093 dissimiles·
1258 1106 1260 1109 v

405 1122 548 1195 Quid
591 1125 656 1175 de>
695 1124 796 1176 illis
836 1125 1042 1177 duabus
1080 1125 1267 1192 rebus,
1317 1126 1378 1176 de
1419 1125 1830 1198 quibuscunque
1865 1125 2003 1176 valet
2041 1134 2089 1176 et

267 1217 422 1258 erunt
455 1227 536 1258 res
571 1228 751 1260 omnes
792 1210 877 1260 vel
913 1208 1173 1260 identicae
1213 1210 1297 1261 vel
1329 1208 1722 1282 homogeneae,
1771 1210 1855 1261 vel
1893 1208 2087 1260 similes

268 1294 350 1344 vel
386 1293 674 1345 dissimiles.
710 1295 1136 1367 Applicationem
1167 1295 1499 1363 modificari,
1535 1294 1716 1367 prouti
1759 1293 1891 1345 alius
1926 1293 2090 1344 seien-

268 1378 369 1430 tiae
397 1378 663 1451 principia
699 1376 961 1448 evadunt,
1000 1381 1211 1432 clarum
1233 1399 1329 1453 per
1360 1399 1440 1447 se3
1479 1391 1529 1432 et
1558 1391 1631 1433 est
1660 1380 1762 1432 alia
1801 1376 2089 1431 similitudo

269 1466 621 1537 geometrica,
660 1467 761 1519 alia
791 1466 1269 1540 physicohistorica
1306 1487 1351 1519 e.
1390 1489 1427 1518 s.
1464 1488 1514 1540 p.

580 1689 626 1751 §.
663 1684 753 1740 16.
803 1681 1255 1766 Applicatio
1296 1681 1785 1781 identitatis.

426 1831 837 1913 Quaecunque
896 1852 992 1891 res
1040 1834 1104 1890 in
1158 1832 1440 1891 omnibus
1488 1831 1605 1889 illis
1667 1831 2092 1912 qualitatibUS,

268 1947 414 2009 quas
446 1926 691 1987 scientia
717 1926 1014 2008 quaedam
1042 1927 1519 2006 contemplatur,
1563 1941 1938 2005 congruunt,
1980 1950 2094 2009 pro

265 2024 369 2080 illa
407 2022 686 2091 scientia3
744 2021 885 2076 hinc
923 2021 1221 2097 producta
1266 2033 1555 2091 naturae,
1614 2043 1766 2102 quae
1801 2023 1865 2079 in
1907 2027 2095 2083 omni-

267 2118 376 2176 bns
422 2113 815 2196 qualitatibus
852 2113 1404 2192 physicohistoricis
1440 2129 1815 2195 congruunt,
1854 2140 1968 2217 pro
2002 2119 2096 2178 lu-

263 2214 450 2271 stor’c'a
486 2206 760 2266 naturali
786 2220 932 2268 sunt
964 2207 1257 2268 idencica.

404 2305 462 2355 In
492 2301 821 2373 systematica
853 2322 961 2354 non
993 2303 1218 2375 amplius
1258 2304 1467 2377 singula
1497 2305 1676 2378 planta
1717 2315 1790 2358 est
1826 2305 2096 2360 individu-

270 2410 362 2442 um
391 2388 474 2448 (in
497 2386 597 2439 hac
625 2386 769 2440 enim
794 2386 1226 2460 Terminologiae
1257 2390 1470 2441 notione
1502 2390 1580 2440 nil
1601 2390 1737 2443 varii
1765 2401 2092 2460 contentum,

269 2476 410 2549 quod
450 2472 898 2545 comparationem
933 2474 1275 2541 admitteret)>
1308 2474 1434 2526 hinc
1479 2475 1582 2526 alia
1612 2475 1760 2527 notio
1806 2475 1906 2528 erit
1940 2496 2096 2549 quae-

269 2560 461 2627 renda,
498 2577 658 2632 quam
694 2556 794 2629 ipsi
823 2557 977 2609 nobis
1001 2557 1291 2631 poterimus
1319 2569 1648 2629 construere,
1686 2559 1744 2611 in
1773 2570 1946 2612 mente
1972 2581 2090 2633 par-

271 2656 345 2697 tes
371 2642 729 2697 constitutivas
762 2641 996 2715 corporis
1025 2642 1334 2713 vegetabilis
1361 2644 1666 2716 jungendO,
1706 2643 1778 2696 sic
1817 2663 1859 2695 e.
1892 2664 1943 2717 g.
1976 2646 2094 2698 bul-

271 2730 422 2796 bum,
460 2748 583 2780 cum
612 2728 761 2780 caule
787 2737 836 2779 et
869 2726 1008 2779 foliis
1036 2727 1448 2799 egredientibus,
1486 2727 1803 2780 terminante
1833 2728 1962 2780 flore
1995 2749 2039 2781 e.
2055 2751 2091 2782 s.

274 2837 324 2888 p.
353 2813 524 2867 varias
555 2812 899 2885 proprietates
935 2824 1108 2866 mente
1131 2815 1444 2887 jungamus,
1482 2813 1553 2865 ita
1564 2851 1580 2881 >
1617 2823 1678 2865 ut
1707 2813 1880 2886 quivis
1918 2814 2091 2868 dicere

275 2901 490 2966 debeat,
531 2901 829 2969 ubicunque
868 2918 1067 2966 corpas
1102 2902 1418 2968 organicum
1450 2898 1592 2949 hisce
1630 2900 1978 2967 qualitatibus
2018 2902 2095 2952 in-

277 2987 459 3037 dutum
489 2993 766 3051 occurret,
798 2984 995 3052 planta
1035 2984 1250 3052 singula
1287 2985 1397 3035 dici
1424 2983 1590 3036 debet.
1629 2983 1970 3036 Individuum
1998 3004 2091 3036 au-

275 3081 382 3123 tem
411 3088 508 3141 pro
534 3067 858 3141 systematica
879 3079 1152 3141 propterea
1182 3067 1333 3120 nobis
1355 3065 1427 3118 sic
1459 3068 1843 3137 construimus,
1871 3089 1938 3121 ne
1963 3070 2089 3142 quid

274 3154 439 3207 alieni
467 3155 607 3206 illius
637 3153 842 3206 notioni
876 3154 1089 3227 irrepat.
1124 3153 1205 3205 Ex
1242 3151 1509 3204 individui
1548 3172 1672 3206 vero
1707 3154 1921 3208 notione
1949 3163 2087 3226 (qua

278 3239 460 3295 infima
491 3238 778 3311 systematis
807 3238 1032 3300 unitate)
1061 3238 1180 3292 illae
1208 3237 1422 3311 speciei,
1452 3240 1660 3311 generis
1691 3251 1740 3293 et
1767 3260 1804 3294 s.
1833 3261 1883 3314 p.
1907 3239 2087 3293 oriun-
