2127 3775
0 330 3 374 ἶ
37 352 136 395 tur.
174 341 400 416 Quando
441 359 568 414 ergo
609 351 737 394 esset
777 360 882 393 non
919 360 1051 414 pure
1083 339 1550 415 physicohistorica
1589 339 1854 392 individui

39 425 216 494 notio,
269 427 433 496 illud,
486 426 626 500 quod
670 426 1024 497 immiscetur,
1062 428 1368 501 peregrini,
1420 447 1513 501 per
1545 446 1725 478 omnes
1777 445 1856 476 ce-

38 521 170 564 teras
200 512 424 564 unitates
468 511 640 563 adhuc
677 524 1007 586 sequeretur,
1049 514 1261 565 difficile
1294 511 1486 566 iterum
1518 511 1854 583 ejiciendum.

37 599 345 649 Secundum
373 607 602 649 nostram
630 619 755 650 vero
797 600 1239 650 constructionem
1279 598 1489 649 nonnisi
1526 618 1585 649 ex
1616 595 1857 669 physico-

38 680 300 734 historicis
343 683 681 756 qualitatibus
725 684 1109 749 individuum}
1147 685 1288 756 quod
1336 683 1553 734 historia
1607 680 1859 733 naturalis

40 770 454 842 contemplatur,
494 768 738 841 componi
771 767 1027 819 videmus.
1066 768 1205 820 Hinc
1247 767 1472 819 chemici
1517 778 1565 818 et
1597 765 1858 837 ph3si010-

39 855 147 926 gici
183 856 334 927 plane
366 853 499 904 nihil
528 873 588 903 ex
629 852 841 904 notione
881 855 986 923 jam
1032 854 1277 905 scientiae
1319 853 1376 903 in
1413 852 1681 903 notionem
1728 851 1860 900 indi-

40 941 190 992 vidui
219 940 382 1012 recipi
417 947 596 1010 potest.
636 936 1067 989 Combinationes
1098 939 1219 990 tales
1245 939 1580 1010 singularum
1616 935 1861 987 termino·

38 1027 211 1100 logiae
244 1026 555 1099 qualitatum
590 1023 904 1076 innumerae
939 1024 1055 1076 fieri
1095 1035 1340 1098 possunt,
1379 1025 1464 1076 sed
1495 1022 1771 1074 individua
1808 1021 1863 1071 in

41 1110 368 1185 systematica
403 1110 613 1161 nonnisi
646 1111 732 1161 illa
774 1112 1041 1180 dicemus,
1092 1112 1287 1184 quibus
1327 1119 1518 1161 natura
1556 1107 1739 1173 simul,
1777 1105 1863 1155 illa

41 1200 261 1250 offerens
299 1197 682 1268 correspondet.
722 1197 809 1249 Sic
853 1217 1060 1249 rosacea
1098 1197 1291 1249 corolla
1318 1216 1379 1247 ex
1401 1196 1568 1247 bulbo
1597 1191 1865 1245 combina-

42 1283 113 1335 tio
148 1293 307 1349 esset,
347 1282 435 1334 cui
464 1292 650 1333 natura
680 1304 956 1356 nunquam
984 1282 1429 1355 correspondebit.
1458 1311 1528 1320 —-
1560 1279 1717 1331 Hisce
1738 1298 1864 1329 non-

42 1368 143 1418 nisi
180 1369 513 1434 addendum,
563 1368 879 1419 differentias
910 1368 1119 1418 nonnisi
1150 1367 1526 1433 accidentales,
1563 1363 1642 1416 uti
1675 1383 1736 1414 ex
1762 1383 1867 1412 ma-

43 1453 325 1525 gnitudine
359 1474 401 1505 e.
442 1474 479 1505 s.
507 1473 559 1525 p.
594 1454 924 1505 identitatem
953 1452 1503 1522 plzysz‘cohisloricam
1538 1469 1646 1500 non
1674 1448 1867 1499 tollere.

255 1643 309 1704 §0
351 1638 436 1699 17.
497 1633 978 1694 Individuum
1025 1635 1097 1693 in
1142 1631 1668 1713 Systematica.

198 1770 289 1829 Ex
335 1768 430 1827 his
473 1769 659 1849 igitur
704 1769 840 1828 fluit
883 1791 1139 1850 sequens
1182 1789 1418 1827 canon:
1480 1764 1873 1824 Individuum

47 1864 473 1946 systematicae
509 1877 594 1921 est
623 1865 1014 1931 decarminata
1045 1864 1345 1946 quaedam
1375 1865 1725 1943 conjunctio
1751 1864 1877 1920 sin-

44 1959 330 2039 gularam
372 1959 910 2039 lzeteronymarum
964 1958 1328 2040 qualitatum
1378 1956 1878 2037 physicohistori-

50 2075 294 2127 carum,
335 2077 518 2135 quam
546 2076 675 2114 vero
693 2055 999 2134 produxit
1033 2057 1170 2133 ipScz
1214 2064 1456 2111 natura.

187 2149 245 2199 ln
273 2147 641 2221 hujuscemodi
675 2169 802 2221 ergo
837 2146 1118 2218 individua
1158 2146 1193 2197 i.
1225 2166 1268 2198 e.
1309 2137 1501 2198 huicce
1539 2143 1732 2196 canoni
1768 2163 1880 2196 cor-

49 2234 419 2308 respondentia
446 2233 684 2308 notiones
716 2234 828 2284 illas
864 2232 1130 2305 applicare
1169 2231 1478 2304 poterimus
1516 2231 1881 2303 Quaecunque

54 2319 177 2370 dein
211 2320 316 2370 duo
355 2328 447 2370 aut
481 2319 637 2391 plura
688 2317 966 2370 individua
1006 2317 1063 2368 in
1101 2317 1349 2368 omnihus
1391 2317 1498 2369 suis
1539 2317 1883 2390 qualitatibus

54 2403 538 2477 physicohistoricis
568 2405 722 2476 plane
759 2423 867 2455 non
900 2403 1178 2469 differunt,
1216 2401 1321 2471 ita,
1370 2411 1432 2454 ut
1467 2422 1640 2454 unum
1676 2421 1773 2474 pro
1809 2401 1882 2452 al·

55 2500 167 2541 tero
195 2499 437 2561 respectu
460 2488 937 2563 physicohistorico
963 2488 1090 2561 poni
1122 2488 1311 2561 possit,
1350 2487 1629 2541 individua
1652 2485 1881 2538 identica

58 2575 293 2627 vocanda
319 2585 506 2643 erunt,
542 2577 700 2650 idque
737 2574 916 2642 toties,
954 2573 1154 2648 quoties
1185 2572 1299 2626 talis
1342 2572 1482 2627 inter
1516 2572 1777 2647 quaedam
1807 2570 1884 2622 in-

65 2658 282 2713 dividua
319 2659 456 2710 ratio
483 2658 775 2713 intercedit.

197 2745 357 2798 Notio
389 2745 675 2798 identitatis
716 2745 807 2798 tali
836 2746 993 2797 modo
1022 2745 1253 2818 expleta,
1292 2745 1381 2796 sed
1414 2742 1571 2795 simul
1601 2743 1851 2796 exhausta
1870 2783 1886 2812 ,

63 2831 209 2882 illam
235 2831 378 2883 enim
406 2830 619 2883 nonnisi
647 2831 704 2881 in
734 2830 941 2902 singula
979 2831 1182 2903 objecta
1225 2828 1481 2904 applicari
1506 2848 1680 2902 posse,
1718 2829 1887 2882 cuivis

63 2926 236 2989 patet3
260 2918 367 2969 sint
395 2918 536 2969 enim
556 2937 715 2990 quam
742 2916 974 2989 plurima
1002 2915 1317 2968 individua
1304 2935 1360 2967 ln
1393 2915 1640 2967 omnibus
1670 2900 1887 2989 qualita-

65 3002 210 3054 tibus
249 3005 667 3070 eadem,un11m
697 3022 803 3071 pro
834 3002 1008 3055 altero
1042 3001 1170 3074 poni
1195 3010 1359 3074 potest
1386 3010 1437 3053 et
1468 3000 1761 3054 differentia
1792 3021 1886 3053 nu-

68 3085 268 3139 merica
304 3044 568 3159 dispaiet3
630 3086 671 3137 si
707 3096 883 3138 autem
925 3106 1036 3140 non
1075 3097 1198 3138 sunt
1239 3089 1423 3140 eadem
1447 3127 1464 3154 ,
1518 3107 1615 3140 nec
1648 3106 1884 3161 unquam

70 3181 229 3224 erunt
259 3170 488 3224 identica
522 3210 537 3241 ,
602 3182 652 3224 et
702 3173 878 3224 nullus
930 3172 994 3223 de
1047 3171 1204 3244 hujus
1253 3173 1481 3227 notionis
1537 3173 1888 3247 applicatione

64 3256 169 3310 ‘erit
192 3276 380 3311 sermo.
409 3253 548 3310 Cum
580 3256 807 3311 identica
835 3257 1112 3311 individua
1138 3269 1276 3313 certe
1306 3258 1636 3333 homogenea
1669 3269 1718 3311 et
1746 3257 1886 3310 simi·

73 3340 139 3396 lia
156 3354 295 3415 sunt,
324 3343 759 3418 homogeneitatis
776 3357 826 3400 et
854 3344 1213 3401 similitudinis
1227 3345 1493 3422 principia
1520 3365 1631 3400 non
1663 3344 1887 3433 amplius
