2127 3775
273 148 333 196 ¹10

718 332 996 396 CAPU
1029 334 1093 397 T
1177 335 1632 399 PRIMUM.

892 458 1457 548 Terminologia.

272 579 341 629 Te
349 580 503 629 rmim'
516 580 648 630 artis
645 578 888 649 faciunt,
907 592 964 633 ut
971 584 1164 650 paucis
1180 583 1328 635 ideas
1345 592 1561 634 nostras
1577 601 1924 650 exponamus.
1953 581 2073 634 Lin.

341 708 388 767 §-
434 704 487 765 7·
542 703 763 765 Notio
805 707 1408 788 terminologiae
1455 719 1527 766 et
1582 705 1757 786 ejus
1798 707 1999 786 obje-

1060 818 1284 864 ctum.

416 938 861 1019 Terminologia
901 940 1154 1022 inquirit
1189 942 1251 998 in
1287 942 1684 1021 proprietates
1728 950 1917 996 status
1957 939 2079 1018 pri-

259 1033 451 1091 mitivi
482 1047 541 1092 et
587 1036 907 1094 immutati.
969 1036 1107 1094 Illas
1149 1036 1465 1107 discernit,
1514 1035 1754 1095 ordinat
1798 1049 1856 1094 et
1897 1033 2078 1092 deno-

259 1133 445 1186 minat
493 1152 603 1209 pro
645 1154 756 1189 usu
789 1132 853 1188 in
899 1130 1290 1212 sequentibus
1334 1131 1629 1210 capitibus
1673 1128 2077 1196 instituend0‚

257 1223 398 1281 hinc
444 1224 559 1281 illis
602 1226 830 1283 relicto,

396 1317 593 1367 Omnes
627 1337 754 1389 ergo
791 1316 1063 1389 qualitates
1091 1326 1250 1368 status
1287 1316 1580 1388 primitivi,
1620 1336 1754 1389 quae
1793 1318 1849 1368 in
1879 1317 2075 1389 planta-

256 1420 381 1451 rum
418 1401 709 1453 individuis
749 1412 1070 1469 occurrunt,
1122 1403 1509 1474 contemplatur
1554 1402 1941 1474 terminologia.
1995 1403 2079 1453 In-

260 1490 531 1539 dia-iduum
562 1498 739 1539 autem
773 1489 1183 1557 termz'nologiae
1228 1499 1300 1539 est
1337 1489 1551 1557 singula
1583 1489 1794 1556 planta.
1845 1488 1944 1537 Pro
1986 1497 2083 1537 ter-

258 1571 549 1643 minologia
582 1571 711 1623 haec
736 1572 881 1623 notio
925 1571 1138 1624 sufficit.
1176 1572 1254 1623 Ex
1293 1572 1347 1637 vi
1381 1573 1524 1625 vocis
1555 1571 1898 1624 individuum
1928 1589 2084 1621 omne

260 1667 333 1708 est
365 1677 567 1724 unum,
606 1658 748 1730 quod
788 1657 1044 1709 divisione
1080 1657 1439 1729 integritatem
1484 1676 1641 1707 suum
1686 1656 1903 1723 amittit,
1955 1665 2005 1706 et
2043 1656 2082 1705 si

261 1741 545 1808 dividitur,
584 1752 751 1793 totum
791 1762 888 1814 pro
925 1743 1014 1792 illa
1044 1743 1263 1794 scientia
1294 1763 1397 1794 esse
1421 1741 1702 1808 desineret,
1742 1741 1831 1792 cui
1854 1741 1954 1793 tale
1980 1740 2084 1791 fuit

259 1827 566 1879 indivisum.
616 1827 804 1878 Omnis
833 1837 1011 1879 autem
1042 1828 1251 1899 singula
1292 1829 1470 1899 planta
1512 1826 1674 1879 divisa
1709 1845 1806 1897 pro
1835 1825 2082 1876 botanica

259 1923 477 1964 cessaret
512 1913 855 1965 individuum
898 1932 1033 1979 esse,
1075 1933 1202 1985 ergo
1255 1913 1411 1964 etiam
1454 1911 1553 1963 hac
1587 1911 1673 1963 via
1712 1912 1942 1976 clarum,
1981 1908 2083 1960 suf-

259 1996 416 2049 ficele
450 2019 548 2070 pro
585 1998 957 2069 terminologia
995 1998 1336 2050 individuum
1372 1999 1608 2070 plantam
1655 1996 1920 2068 singulam
1960 1995 2080 2046 dici

257 2083 337 2134 Ex
363 2083 464 2134 ilh's
498 2083 654 2133 simul
690 2041 1128 2154 patet‚0planta111
1169 2082 1314 2133 omni
1351 2102 1472 2133 suae
1506 2082 1806 2133 existentiae
1849 2100 2080 2131 momen-

259 2179 310 2220 to
352 2169 694 2221 individuum
733 2188 838 2221 esse
864 2205 880 2233 ,
937 2178 987 2218 et
1030 2168 1246 2239 quidem
1295 2169 1633 2236 completum·
1651 2167 2079 2231 (vollkommen),

260 2254 462 2305 etiamsi
496 2274 604 2304 non
646 2252 792 2303 omni
830 2252 987 2302 simul
1019 2253 1081 2304 sit
1116 2255 1418 2322 perfectum
1461 2253 1784 2312 (vollendet).
1837 2251 1923 2302 sic
1960 2250 2078 2301 faba

260 2339 658 2409 cotyledonibus
685 2338 776 2390 vix
812 2337 1061 2408 abjectis,
1112 2357 1407 2409 paucorum
1443 2337 1692 2388 foliorum
1728 2337 1962 2408 plantula
2004 2337 2079 2388 in-

261 2424 540 2475 dividuum
570 2423 699 2473 sistit
729 2423 1078 2489 completum,
1119 2421 1254 2471 nihil
1285 2422 1427 2472 enim
1458 2408 1777 2494 a'conceptu
1811 2422 2078 2473 individui

261 2509 425 2576 deest,
474 2507 561 2558 sed
603 2506 842 2558 nondum
883 2515 953 2557 est
995 2505 1172 2576 planta
1207 2505 1454 2574 perfecta
1492 2517 1542 2558 et
1576 2508 1705 2560 sistit
1738 2507 2076 2560 individuum

260 2588 645 2665 imperfectum.

403 2760 449 2820 §.
488 2753 543 2809 8.
601 2752 1120 2832 Proprietates
1171 2748 1966 2830 physicohistoricae.

418 2886 560 2944 Illae
602 2886 1000 2966 proprietates
1053 2897 1241 2944 status
1278 2885 1574 2965 primitivi
1629 2899 1687 2944 et
1733 2885 2073 2965 originarii,

265 2981 375 3038 sub
414 2981 642 3062 quibus
679 2981 918 3060 plantae
962 2968 1285 3061 apparent,
1327 2980 1575 3058 sordem
1622 2984 1864 3038 unicum
1904 3002 2076 3060 prae-

265 3076 439 3148 bent,
499 3098 571 3135 ex
616 3096 740 3158 quo
786 3099 896 3156 pro
942 3078 1191 3136 historia
1235 3075 1496 3135 naturali
1538 3076 1904 3159 cognitiones
1930 3089 2076 3133 sunt

266 3170 664 3243 hauriendae,
717 3171 857 3230 hinc
887 3219 901 3244 ‚
960 3187 1030 3232 ut
1078 3173 1181 3231 ille
1236 3193 1417 3252 quam
1469 3172 1830 3252 purissimus
1864 3190 2074 3252 ,rema-

268 3278 406 3325 neat
438 3265 610 3336 fons,
654 3288 887 3326 summa
920 3269 1114 3326 cautio
1154 3266 1454 3329 habenda.
1499 3268 1751 3344 Quaevis
1793 3266 1951 3324 enim
1988 3259 2078 3323 di-
