2127 3775
1807 204 1875 255 45

35 318 156 389 jure
188 316 402 386 iisdem,
449 319 644 392 quihus
682 321 1010 395 incepimus,
1050 334 1098 376 et
1129 323 1377 376 claudere
1411 344 1687 400 possumus
1725 346 1873 398 para·

35 404 323 480 graphum,
352 409 494 480 quod
519 413 819 479 cognitioni
838 414 1133 483 specierum
1171 416 1433 466 innitatur
1471 415 1644 472 omnis
1695 412 1871 465 solida

35 494 300 559 eruditio,
335 496 442 547 imo
477 498 649 546 omneis·
682 515 814 548 vera
846 499 1081 567 cognitio
1115 497 1371 558 hamana.

383 693 423 756 §.
472 687 562 749 27.
623 686 860 745 Notio
917 686 1528 748 similitudinis,

197 835 369 895 Illam
418 836 578 896 inter
613 837 762 904 duas
801 840 899 896 vel
942 837 1150 918 plures
1190 839 1498 898 unitatum
1541 841 1878 920 systemati-

29 951 239 990 carum
271 953 454 1012 supra
486 931 873 990 individuum
907 934 1234 1014 rationem,
1286 934 1400 997 sub
1448 957 1566 1016 qua
1601 935 1674 993 ad
1716 959 1878 993 com-

27 1050 280 1087 munem
322 1041 541 1108 typum
574 1050 681 1087 seu
717 1028 913 1090 ideam
949 1028 1208 1089 formata
1254 1052 1380 1089 esse
1424 1030 1741 1102 videntur,
1794 1032 1878 1089 ita

28 1135 100 1181 ut
137 1123 330 1181 omnis
368 1144 579 1185 earum
613 1129 844 1185 hancce
885 1124 1079 1184 ideam
1122 1129 1407 1207 consequi
1439 1138 1668 1199 tentet,
1725 1126 1876 1208 quin

27 1217 101 1277 ab
129 1239 337 1277 earum
372 1219 499 1277 ulla
521 1221 811 1300 perfecte
837 1226 1195 1302 attingatur,
1229 1222 1682 1283 similitudinem
1701 1221 1878 1304 pley-

23 1315 501 1376 Sicohistorz'cam
530 1318 935 1389 nominamUS.

194 1427 574 1480 Similitudinis
618 1428 851 1479 rationes
889 1438 1012 1480 sunt
1057 1429 1315 1482 momenti
1360 1431 1557 1482 summi
1594 1449 1691 1502 pro
1729 1430 1876 1483 omni

22 1512 243 1566 historia
280 1513 546 1580 naturali,
585 1533 721 1587 quae
755 1524 830 1566 est
866 1524 1092 1586 systema
1131 1515 1228 1568 sub
1259 1516 1352 1567 illo
1389 1515 1692 1588 principio,
1745 1514 1874 1567 hinc

22 1599 256 1652 exactius
280 1599 413 1650 illud
445 1599 752 1672 quodquam
779 1610 1198 1672 perscrutemur.
1238 1601 1296 1652 Si
1322 1601 1422 1653 tibi
1478 1600 1700 1663 nomino
1728 1602 1876 1671 Ery·

20 1686 301 1751 thracam,
340 1686 630 1739 Swerliam
645 1726 662 1752 ,
710 1687 1032 1739 Gentianam
1063 1713 1129 1726 —
1158 1686 1216 1738 in
1246 1707 1413 1739 unam
1445 1688 1776 1759 eandemque
1806 1686 1879 1736 sa-

19 1772 226 1825 miliam
259 1773 684 1831 Gentianearnm
713 1771 877 1825 dictas
909 1772 1023 1825 illas
1047 1774 1249 1848 plantas
1273 1772 1543 1847 pertinere
1574 1772 1729 1823 facile
1755 1792 1877 1823 con-

19 1858 189 1926 cedes,
229 1867 278 1910 et
308 1857 479 1930 quivis
512 1868 704 1909 tecum.
735 1856 851 1911 Cur
876 1856 1097 1911 autem?
1135 1859 1266 1934 quid
1296 1869 1386 1926 est,
1426 1859 1568 1932 quod
1598 1879 1683 1909 me
1715 1856 1877 1929 cogit,

17 1954 69 1998 et
102 1944 196 1996 has
248 1954 298 1996 et
331 1945 510 2016 plures
548 1945 724 1998 adhuc
780 1945 837 1996 in
873 1945 1134 1998 unitatem
1173 1945 1397 1996 eandem
1437 1939 1728 2016 colligere?
1776 1943 1876 1994 Re-

18 2031 272 2105 spondes„
313 2050 499 2082 earum
529 2031 821 2099 similitudo
845 2031 1349 2100 physz'cohistorica
1366 2070 1383 2096 ,
1434 2039 1484 2084 et
1520 2048 1706 2085 revera
1740 2027 1879 2079 nihil

20 2128 94 2170 est
116 2117 293 2184 aliud,
333 2136 494 2190 quarn
526 2116 616 2167 illa
644 2116 755 2189 ipsa
781 2115 1090 2168 similitudo.
1126 2115 1186 2166 In
1214 2135 1320 2188 quo
1346 2125 1523 2167 autem
1554 2134 1699 2166 nunc
1737 2114 1876 2165 radi-

19 2213 135 2256 cata
170 2202 261 2253 illa
299 2198 637 2254 similitudo?
686 2203 775 2253 An
812 2202 909 2253 sub
960 2200 1179 2253 nomine
1231 2200 1657 2252 Gentianearum
1702 2210 1874 2252 totum

15 2289 285 2363 quoddam
309 2288 586 2359 intelligo,
636 2288 779 2361 quod
808 2307 906 2360 per
942 2287 1260 2356 Swertiam,
1310 2286 1631 2338 Gentianam
1666 2295 1716 2337 et
1740 2286 1876 2358 Ery-

17 2374 259 2428 thraeam
290 2372 664 2445 componitur,
719 2381 768 2423 et
807 2373 960 2442 cujus
990 2381 1112 2422 sunt
1141 2370 1241 2422 hae
1273 2371 1485 2443 plantae
1522 2372 1671 2445 quasi
1701 2382 1876 2444 partes

17 2458 406 2515 constitutivae.
458 2458 576 2511 Hoc
621 2477 989 2532 nequaquam,
1043 2477 1151 2508 non
1190 2457 1335 2508 enim
1381 2458 1640 2511 divisione
1684 2469 1735 2510 et
1777 2478 1875 2531 per

20 2567 140 2600 suas
166 2555 340 2618 partes
373 2543 516 2595 illam
544 2545 717 2596 ideam
753 2544 1174 2597 Gentianearum
1208 2543 1363 2596 nobis
1389 2545 1775 2618 produximus,
1813 2555 1874 2596 ut

19 2633 194 2686 dicere
225 2630 503 2703 possimus,
537 2628 638 2682 hoc
668 2630 831 2682 habet
858 2630 1022 2682 ideaa
1061 2630 1344 2698 Gentiana,
1375 2642 1424 2684 et
1458 2631 1595 2684 illud
1631 2651 1660 2681 a
1695 2632 1869 2684 Swer·

16 2718 122 2785 tia,
175 2726 224 2768 et
270 2715 409 2768 istud
443 2715 509 2766 ab
551 2714 879 2786 Erythraea,
933 2734 1094 2788 porro
1123 2725 1172 2767 et
1216 2716 1350 2767 aliae
1395 2717 1615 2768 existere
1646 2726 1864 2790 possunt

18 2805 228 2879 plantae
259 2803 501 2854 nondum
532 2812 717 2868 notae,
757 2801 855 2852 sub
880 2801 1188 2854 Gentianeis
1214 2802 1574 2874 colligendae,
1612 2824 1708 2875 per
1737 2824 1868 2877 quas

20 2901 200 2943 autem
235 2898 412 2940 nostra
449 2887 566 2940 idea
606 2887 1027 2939 Gentianearum
1063 2907 1172 2940 non
1209 2888 1437 2961 amplius
1474 2898 1774 2942 mutaretur
1802 2922 1869 2932 -

19 2987 69 3030 et
98 2976 222 3050 quia
255 2984 304 3026 et
328 2975 447 3027 illae
478 2974 630 3048 quasi
657 2984 830 3048 partes
855 2994 972 3026 suas
995 2976 1188 3027 addere
1215 2975 1485 3042 deberent,
1525 2987 1693 3029 totam
1723 2976 1789 3037 (i.
1820 2996 1863 3027 e.

17 3063 134 3114 idea
166 3068 377 3124 nostra)
406 3062 583 3135 prius,
623 3082 784 3135 quam
807 3073 996 3129 parles
1026 3062 1393 3135 (singularum
1424 3062 1723 3124 tributum)
1759 3063 1865 3115 exi-

20 3159 152 3202 stere
181 3147 475 3214 debuisset,
514 3149 657 3221 quod
691 3158 766 3200 est
794 3148 1103 3199 absurdum.

185 3237 270 3287 An
297 3233 471 3284 forsan
503 3233 601 3287 sub
630 3232 935 3285 Gentianeis
963 3232 1074 3284 illas
1099 3234 1301 3306 plantas
1322 3232 1690 3305 intelligimus,
1729 3254 1864 3306 quae

22 3330 186 3374 certas
217 3321 469 3394 quasdam
499 3330 544 3373 et
571 3339 880 3374 communes
911 3329 1055 3373 notas
1082 3316 1364 3394 jungunt?
1400 3350 1465 3361 -
1505 3318 1610 3373 Has
1639 3319 1680 3372 si
1711 3320 1861 3373 colle-
