2127 3775
248 265 317 314 50

242 390 315 449 lis
344 390 589 470 proprie
614 387 911 465 intelligat
930 388 1253 447 methodus
1279 386 1810 468 physicohistorica
1829 435 1844 462 ‚
1886 391 2060 450 affer-

242 506 311 544 ie
353 486 672 544 voluimus·
737 482 1033 542 Numeret
1074 497 1278 543 autem
1319 484 1578 543 unitates
1635 498 2060 569 quotcunque,

241 581 402 651 illas,
447 601 602 660 quae
636 577 842 637 ultimo
886 591 946 636 et
988 582 1103 658 ms
1101 602 1193 638 mo
1224 579 1426 660 gradu
1463 579 1871 688 similitudinis
1918 582 2066 663 jun-

241 687 470 755 guntui
485 721 498 746 ,
543 674 766 754 colligit
796 696 1065 753 regnum

375 769 486 819 Ubi
528 769 747 821 ultimae
800 769 1027 821 unitates
1072 771 1255 822 classes
1301 770 1552 836 fuerant,
1603 769 1683 821 ibi
1721 790 1950 843 regnum
1989 781 2064 823 est

237 855 542 926 complexus
589 856 836 908 classium
865 895 880 925 7
936 865 984 907 et
1030 856 1203 924 simulg
1227 877 1395 930 genus
1442 855 1689 907 classium
1735 856 1842 908 dici
1877 867 2062 928 posset.

237 939 382 990 Haec
417 940 779 994 denominatio
810 943 866 993 id
905 941 1067 994 habet
1090 942 1360 1010 utilitatis,
1399 942 1541 1015 quod
1577 942 1798 992 eandem
1838 942 2061 1013 originis

235 1024 379 1075 viam
405 1045 503 1097 pro
534 1047 732 1100 regno,
772 1048 877 1101 qua
905 1048 1112 1079 summa
1152 1028 1356 1079 unitate
1385 1048 1480 1100 per
1510 1027 1871 1079 similitudinis
1899 1028 2063 1099 appli—

234 1111 495 1162 cationem
538 1114 828 1184 producta,
878 1133 940 1166 ac
980 1132 1079 1186 pro
1121 1115 1339 1168 caeteris
1376 1134 1535 1186 supra
1575 1113 1804 1185 speciem
1846 1113 2061 1167 unitati-

232 1195 331 1248 bus
368 1198 618 1251 ostendat.

516 1402 569 1463 §0
601 1397 693 1454 32.
753 1395 1319 1470 Classificatio‚
1365 1396 1772 1457 Affinitas.

385 1533 707 1611 Postquam
745 1534 852 1591 tali
880 1532 1058 1591 modo
1094 1533 1354 1591 unitates
1384 1534 1794 1611 systematicae
1828 1532 2057 1613 produ-

230 1638 358 1684 ctae
398 1638 576 1696 sunt>
619 1647 730 1706 pro
771 1629 1003 1685 ratione
1055 1628 1355 1705 graduum
1404 1628 1813 1686 similitudinis
1849 1628 2055 1709 physi-

227 1721 614 1778 cohistoricae
646 1722 709 1779 in
738 1744 931 1780 unum
958 1736 1156 1781 totum
1189 1722 1571 1801 junguntur,
1616 1725 1680 1782 in
1703 1745 1822 1805 quo
1850 1723 1941 1780 illi
1977 1726 2056 1781 si-

226 1816 577 1875 militudinis
640 1816 868 1895 gradus
920 1823 1345 1878 successionem
1412 1818 1828 1878 determinant.
1893 1818 2056 1877 Illud

223 1911 365 1970 hinc
401 1913 771 1991 principium
806 1915 982 1971 etiam
1027 1914 1501 1993 clussz'ficationis
1543 1915 1699 1972 illud
1742 1927 2010 1972 vocatur.

357 2005 583 2055 Nullum
610 2018 787 2058 autem
813 2008 958 2058 aliud
1000 2028 1161 2080 quam
1199 2008 1560 2060 similitudinis
1599 2008 1927 2081 principium
1954 2028 2052 2082 pro

222 2089 620 2142 classificatione
659 2093 845 2146 existit.
893 2094 1170 2166 Postquam
1198 2094 1341 2144 enim
1380 2113 1476 2165 per
1510 2095 1916 2165 productionem
1956 2095 2047 2146 oh-

217 2176 340 2246 jecti
371 2174 785 2228 classificationis
823 2198 1014 2250 nempe
1048 2180 1241 2251 speciei
1267 2180 1535 2253 principia
1568 2180 1852 2232 identitatis
1881 2190 1930 2232 et
1954 2179 2047 2231 ho-

218 2261 586 2318 mooeneitatis
616 2263 824 2334 penitus
857 2264 1107 2317 exhausta
1134 2276 1281 2333 sunt,
1319 2266 1533 2318 nonnisi
1575 2265 1709 2316 illud
1751 2264 2048 2317 similitudi-

216 2347 297 2397 nis
340 2348 608 2399 remansit
659 2351 721 2401 A
759 2371 938 2420 specle
987 2371 1117 2421 ergo
1158 2348 1510 2419 classficutzo
1554 2353 1760 2403 zfflnztzum
1801 2364 1948 2419 capzt
1981 2382 2048 2392 --

216 2433 304 2482 illa
335 2432 462 2484 hinc
495 2444 565 2485 est
591 2434 765 2486 unitas
792 2435 969 2487 basica
1003 2457 1101 2508 pro
1131 2448 1408 2509 systemate
1433 2436 1906 2510 physicohistorico
1937 2455 2046 2487 non

215 2518 393 2569 minus
407 2555 424 2586 9
477 2538 636 2590 quam
683 2540 780 2591 pro
821 2521 1213 2575 classificatione
1252 2534 1301 2576 et
1340 2525 1499 2576 etiam
1544 2543 1641 2595 pro
1689 2521 1835 2573 omni
1880 2520 2044 2572 scien-

216 2604 317 2671 tia,
357 2624 492 2676 quae
535 2615 757 2655 naturae
802 2607 1061 2678 producta
1102 2618 1326 2659 tractare
1368 2610 1495 2661 vult.
1548 2608 1722 2659 Prima
1759 2606 2041 2678 applicatio

213 2687 375 2761 hujus
401 2689 655 2762 principii
674 2711 870 2763 genera
896 2693 1129 2764 protulit.
1158 2695 1310 2746 Inter
1338 2699 1541 2763 species
1562 2703 1755 2759 autem,
1787 2712 1883 2763 per
1910 2712 2037 2765 quas

211 2794 407 2846 genera
451 2776 702 2829 oriuntur
747 2777 908 2828 talem
952 2782 1385 2846 successionem,
1437 2779 1645 2851 qualem
1687 2776 2037 2829 classificatio-

210 2879 331 2910 nem
360 2861 641 2914 observare
669 2872 718 2913 et
743 2862 920 2914 sistere
961 2873 1189 2934 oportet)
1228 2885 1337 2916 non
1370 2864 1878 2929 animadvertimus,
1919 2863 2038 2913 illae

205 2945 380 3015 potius
406 2946 488 2998 uti
522 2947 660 2997 radii
687 2958 832 2999 rotae
870 2948 1010 2999 circa
1050 2948 1191 2998 axim
1222 2958 1343 2999 sunt
1388 2948 1666 2998 collocatae
1700 2978 1768 2986 —
1792 2948 1882 2998 sed
1912 2949 2037 3001 talis

196 3032 309 3095 jam
340 3035 477 3084 inter
503 3051 711 3101 genera
741 3036 981 3087 occurrit
1015 3038 1279 3087 successio
1310 3042 1361 3084 et
1395 3032 1609 3104 quidem
1641 3052 1737 3104 per
1762 3052 1916 3083 omne
1955 3053 2035 3083 re-

205 3134 407 3186 gnum,
445 3116 518 3168 ita
549 3116 791 3189 quidem,
829 3129 890 3172 ut
929 3138 1160 3189 regnum
1207 3117 1503 3189 vegetabile
1540 3118 1687 3168 omni
1727 3120 1845 3190 jure
1875 3118 2032 3170 etiam

205 3200 379 3251 dicere
418 3201 677 3272 possimus
715 3207 906 3256 seriem
930 3224 1188 3274 generum
1202 3203 1848 3275 physicolzistoricorum‚
1892 3222 2028 3276 quae

201 3286 359 3338 etiam
399 3285 457 3336 in
497 3286 778 3339 ordinibus
826 3298 876 3340 et
910 3289 1164 3341 classibus
1205 3287 1482 3339 immutata
1518 3297 1734 3341 constat.
1772 3287 1910 3340 Cum
1937 3308 2027 3340 au-

198 3381 303 3423 tem
332 3381 505 3444 pateat
549 3391 612 3422 ex
654 3372 734 3423 his
748 3411 764 3440 ,
816 3373 872 3425 in
910 3374 1160 3427 classibus
1206 3382 1256 3427 et
1295 3371 1573 3426 ordinibus
1613 3393 1872 3444 generum
1914 3393 2027 3426 suc·
