2127 3775
228 274 299 327 88

223 399 341 458 11115
372 399 789 479 systematibus
823 419 948 456 esse
973 396 1397 478 independenS,
1442 419 1580 478 ergo
1609 403 1823 480 cuique
1849 397 2042 480 adap-

221 494 491 571 tandam,
538 494 827 574 sequitur.

385 588 556 638 Unice
599 587 825 658 speciem
859 607 964 638 esse
995 607 1138 659 posse
1168 589 1322 640 basin
1355 587 1523 641 cuivis
1554 588 1848 660 systemati,
1898 591 2039 662 quod

218 693 329 723 rem
366 693 487 724 cum
526 674 835 745 corporibus
872 673 1260 745 vegetabilibus
1306 672 1496 741 habet,
1547 675 1732 725 exinde
1771 674 2036 746 sequitur,

216 758 338 829 quia
367 778 544 809 01111165
575 780 615 810 c
606 769 807 810 {eterae
839 759 900 810 de
924 758 1114 832 plantis
1137 759 1414 827 scientiae,
1461 780 1600 842 quae
1621 760 1797 811 forsan
1824 761 1924 811 tale
1957 781 2038 832 sy·

214 854 373 893 stema
412 843 707 914 prtolucere
742 844 963 937 vellent,
1015 843 1227 895 nonnisi
1273 844 1512 898 officium
1551 832 1750 898 habent
1778 847 1866 897 illa
1902 845 2038 897 facta

214 929 552 999 explicandi,
605 947 739 1001 quae
779 928 835 978 in
867 927 1083 980 histmia
1116 930 1347 981 naturali
1388 934 1661 983 sistuntur.
1711 931 1868 982 Nulla
1910 950 2040 1002 ergo

211 1033 252 1063 e.
280 1033 359 1085 gr.
390 1013 752 1087 physiologica
780 1015 973 1086 species
1001 1036 1103 1067 esse
1125 1017 1342 1089 poterit,
1382 1019 1531 1090 cujus
1563 1018 1829 1089 objectum
1852 1017 1917 1073 ab
1940 1006 2038 1067 ‘illo

208 1099 401 1170 speciei
442 1099 943 1172 physicohistoricae
974 1103 1221 1155 differret.
1268 1103 1504 1155 Ulterior
1534 1105 1890 1175 Systematum
1921 1121 2038 1155 evo-

204 1182 337 1236 lutio
368 1185 430 1237 sit
461 1186 870 1258 qualiscunque,
910 1188 1126 1254 Species
1164 1191 1350 1242 eadem
1379 1208 1660 1241 remanere
1700 1189 1932 1255 debebit,
1981 1189 2038 1240 in

204 1273 392 1339 quovis
418 1273 602 1322 eadem
625 1274 826 1335 speciei
852 1270 1199 1341 significatio.

369 1355 442 1407 Ut
465 1356 566 1408 fuit
598 1355 853 1410 definiens
885 1348 1043 1410 suum
1075 1360 1342 1432 objectum
1370 1357 1807 1410 Characteristica
1834 1367 1883 1409 et
1911 1357 2036 1408 inde

204 1443 563 1494 determinans
581 1442 829 1494 historiae
854 1445 1108 1495 naturalis
1131 1465 1270 1516 pars,
1309 1444 1383 1495 sic
1409 1442 1826 1516 physiographia
1855 1451 1927 1494 est
1952 1445 2038 1494 de-

201 1528 471 1594 scribens,
511 1538 559 1579 et
588 1527 865 1600 utriusque
897 1530 1107 1580 nonnisi
1131 1550 1227 1601 per
1253 1549 1477 1596 nexum,
1515 1528 1597 1580 uti
1628 1528 1882 1594 diximus,
1919 1547 2036 1599 per-

201 1610 363 1671 fectae
395 1613 722 1685 cognitiones
749 1613 1254 1686 physicohistoricae
1286 1625 1410 1666 sunt
1436 1614 1707 1686 possibiles
1727 1652 1741 1681 ,
1790 1613 1882 1686 qui
1915 1634 2036 1665 con-

201 1695 329 1748 sistit
353 1697 409 1748 in
441 1718 532 1766 eo,
570 1709 631 1750 ut
660 1701 877 1771 speciei,
918 1703 1068 1774 cujus
1103 1701 1311 1772 singula
1342 1699 1556 1750 nonnisi
1595 1699 2037 1760 determinaverat

197 1781 476 1833 individua
516 1782 986 1852 Characteristica,
1032 1785 1208 1836 ideam
1244 1784 1547 1838 intuitivam
1593 1787 1903 1858 completam
1938 1803 2035 1856 per

198 1866 647 1940 Physiographiae
674 1868 937 1920 schemata
965 1869 1116 1921 nobis
1148 1871 1509 1943 acquiramus.
1545 1870 1668 1921 Tali
1684 1870 1842 1921 modo
1872 1869 2031 1920 etiam

198 1953 547 2024 conjungitur
567 1965 791 2026 utraque
815 1954 1051 2006 methodi
1077 1976 1226 2028 pars,
1266 1957 1408 2030 quod
1433 1956 1585 2009 aliter
1607 1975 1884 2029 nunquam
1912 1952 2032 2005 fieri

195 2048 391 2111 posset,
428 2038 537 2089 imo
576 2059 760 2090 61111111
787 2041 1058 2092 (11ν6151115
1098 2062 1303 2137 semper
1338 2043 1473 2093 bene
1508 2040 1783 2112 recognita
1831 2060 1938 2092 6556
1980 2050 2030 2092 et

195 2143 411 2175 manere
453 2123 638 2191 debet,
689 2144 754 2174 ne
796 2125 854 2175 in
900 2125 1115 2178 scientia
1147 2129 1288 2198 ejus,
1342 2126 1473 2200 quid
1513 2122 1764 2193 facimUS,
1794 2126 2029 2190 lucidam

197 2202 498 2261 omittamus
529 2209 930 2278 conscientiam,
971 2213 1079 2284 eJ'us
1111 2212 1251 2265 enim
1279 2213 1566 2272 reservatio
1595 2212 1741 2266 omni
1774 2212 1832 2263 in
1862 2211 2028 2263 scien-

194 2294 265 2347 tia
291 2314 372 2345 res
397 2304 470 2346 est
498 2296 690 2345 summi
715 2298 985 2349 momenti.
1021 2331 1088 2338 —
1124 2299 1354 2351 Historia
1380 2300 1636 2351 naturalis
1660 2318 1816 2357 suum*v
1854 2297 2027 2368 objec-

194 2391 327 2448 tum,
363 2390 639 2454 postquam
659 2383 746 2434 tali
772 2383 928 2434 modo
955 2384 1311 2457 cognitionem
1341 2384 1873 2458 physicohistoricam
1903 2382 2026 2439 fini·

190 2468 298 2534 vit,
336 2467 450 2517 aliis
475 2467 700 2519 scientiis
724 2468 781 2519 in
806 2490 961 2520 usum
989 2471 1177 2539 tradit,
1216 2471 1317 2522 illis
1339 2471 1482 2523 viam
1512 2483 1793 2544 praeparat
1823 2483 1871 2525 et
1904 2493 2023 2525 11111-

191 2552 294 2619 nit,
343 2571 426 2603 eas
467 2552 533 2603 ab
566 2553 835 2604 erroribus
866 2565 1057 2606 tutans.
1095 2556 1217 2606 Tali
1236 2557 1392 2607 modo
1421 2556 1596 2620 uni-tas
1623 2566 1672 2608 et
1700 2577 1865 2609 nexus
1897 2558 2018 2610 har-

189 2637 431 2689 monicus
457 2636 595 2688 inter
624 2658 802 2689 omnes
825 2639 885 2689 de
918 2651 1108 2692 natura
1136 2642 1461 2714 cognitiones
1488 2642 1819 2710 restituitur,
1846 2653 1895 2696 et
1909 2645 2012 2698 sint

190 2723 604 2791 diversissimae,
678 2725 778 2775 lali
817 2728 976 2778 modo
1024 2731 1194 2778 omnis
1244 2731 1602 2782 contradictio
1662 2731 1924 2796 evitatur,
1964 2741 2013 2783 et

188 2829 321 2881 quae
360 2807 564 2878 adsuit,
615 2811 839 2863 tollitur,
893 2810 1081 2862 Omnis
1120 2812 1338 2864 scientia
1381 2832 1539 2864 suum
1590 2813 1770 2864 locum
1821 2812 2007 2882 habet,

186 2896 330 2947 nulla
355 2895 608 2947 miscetur
637 2896 815 2963 alteri,
853 2897 999 2947 nulla
1033 2898 1252 2949 evadere
1294 2907 1496 2970 potest,
1550 2899 1691 2971 quod
1738 2903 2008 2970 principia

186 3001 292 3032 non
319 2982 648 3048 concedunt,
688 2982 830 3053 quod
863 2978 1137 3053 ejusfines
1178 3003 1286 3034 non
1324 2983 1647 3051 concedunt,
1699 3005 1793 3036 eos
1829 2998 2006 3038 autem
2066 3030 2069 3032 .

185 3069 315 3120 bene
339 3088 511 3133 nosse,
545 3069 727 3137 prima
753 3068 922 3119 omnis
939 3068 1194 3120 scientiae
1227 3070 1478 3122 conditio.
1518 3068 1639 3119 Tali
1667 3069 1825 3120 modo
1848 3069 2004 3122 etiam

182 3150 431 3222 possibile
449 3189 464 3218 ,
504 3170 714 3201 omnem
739 3170 1081 3222 progressum
1102 3151 1158 3203 in
1180 3152 1314 3204 scala
1343 3152 1682 3210 scientiarum
1719 3175 1876 3205 suum
1914 3154 2002 3206 ad-

185 3237 306 3288 dere
334 3237 594 3308 gradum,
626 3230 683 3287 ¹et
710 3235 883 3307 quivis
910 3256 1096 3288 eorum
1137 3236 1369 3309 ejusdem
1410 3249 1484 3291 est
1521 3239 1824 3312 dignitatis,
1874 3239 1999 3312 quia

180 3321 358 3394 priore
385 3341 493 3372 non
526 3321 691 3387 facto,
730 3340 952 3395 sequens
982 3322 1107 3372 addi
1148 3341 1257 3372 non
1294 3333 1478 3393 posset.
1517 3324 1746 3379 Historia
1787 3334 1998 3389 natura7

180 3409 271 3475 115,
310 3427 412 3481 qua
443 3407 582 3461 basis
613 3407 886 3475 omnium,
922 3409 1097 3482 primo
1139 3427 1398 3462 summam
1440 3410 1699 3464 culturam
1735 3409 1995 3481 attingere
