2127 3775
203 221 273 271 66

209 347 440 414 amplias
472 363 705 412 anquam
735 344 810 394 ad
839 345 1054 395 inanem
1088 352 1138 394 e!
1165 343 1454 395 inanimem
1479 343 1748 395 trivialem
1781 343 1957 395 redire
1986 343 2041 393 in

207 443 431 483 mentem
463 432 649 481 veniet.

632 656 1002 722 CAPUT
1075 652 1662 743 QUARTUM.

714 804 1537 871 Characteristica.

206 953 379 1003 Notas
418 952 797 1004 convenientes
829 951 1074 1001 terminis
1113 951 1492 1017 compendiose
1529 947 1783 1000 describit
1805 945 2046 1001 Charac-

979 1048 1077 1087 ter.
1119 1034 1283 1086 Lz'nn.

474 1183 518 1244 §.
563 1178 659 1252 43.
704 1177 936 1236 Notio
996 1174 1764 1234 Characteristicae.

359 1312 858 1372 Characteristica
891 1324 980 1371 est
1010 1323 1201 1391 caput
1232 1315 1559 1370 notionum.
1603 1310 1792 1368 Docet
1809 1311 2045 1390 proda-

202 1432 335 1470 cere
362 1414 626 1471 notiones
658 1430 770 1489 pro
808 1408 1147 1466 unitatibus
1188 1407 1608 1487 systeinatici8‚
1660 1407 1796 1464 illas
1843 1411 2044 1466 unita-

202 1519 285 1564 tes
326 1510 593 1585 cogitare
612 1528 730 1585 per·
758 1508 1023 1565 notiones
1057 1517 1116 1563 et
1138 1503 1445 1583 singulam
1495 1503 1903 1582 perceptionis
1931 1523 2045 1583 per

202 1602 333 1660 illas
367 1601 784 1662 determinare.

367 1695 716 1768 Systematica
753 1693 969 1744 nonnisi
996 1692 1136 1744 ideas
1165 1691 1439 1758 exhibuit,
1479 1690 1567 1741 sed
1590 1690 1700 1741 sine
1717 1691 2044 1760 notionibus,

201 1780 312 1831 sine
344 1781 540 1852 quibus
563 1798 691 1830 vero
720 1778 869 1829 ideae
903 1788 1023 1830 sunt
1050 1799 1249 1831 coccae
1290 1777 1325 1827 i.
1365 1797 1407 1827 e.
1448 1777 1514 1827 ad
1538 1778 1908 1849 producendas
1926 1798 2047 1851 cog-

196 1866 427 1917 nitiones
467 1863 798 1930 scientfficas
823 1886 931 1917 non
963 1864 1266 1932 sufficiunt,
1307 1876 1566 1938 quatenus
1595 1865 1651 1915 in
1688 1866 2040 1934 phantasiam

200 1951 415 2024 quidem
435 1989 451 2018 9
491 1951 578 2001 sed
603 1950 790 2001 nonin
821 1963 1048 2004 mentem
1086 1961 1270 2023 agunt.
1312 1950 1753 2001 Characteristica
1795 1951 1923 2003 hinc
1956 1973 2049 2004 no-

199 2037 367 2089 tiones
397 2036 624 2108 profert,
664 2055 800 2108 quae
831 2035 942 2086 sine
970 2035 1135 2102 ideis,
1175 2055 1279 2107 qua
1306 2036 1600 2101 substrato,
1642 2037 2047 2105 essent—inanes,

199 2134 461 2196 quatenus
490 2123 696 2194 objecta
729 2141 838 2171 non
857 2119 1071 2171 habent.
1104 2121 1227 2170 Non
1246 2140 1375 2191 ergo
1400 2119 1625 2188 sufficit,
1654 2131 1903 2194 utrasque
1916 2142 2047 2173 non-

201 2209 305 2260 nisi
331 2210 507 2260 adesse
541 2218 591 2259 et
623 2206 966 2279 consequenti
1002 2204 1251 2256 methodo
1283 2206 1598 2277 productas,
1638 2207 1725 2258 sed
1742 2207 1902 2257 simul
1922 2209 2044 2279 jun-

201 2305 317 2347 ctae
349 2296 476 2362 sint,
518 2303 751 2365 oportet,
790 2304 850 2345 ut
878 2293 1115 2364 cognitio
1144 2292 1623 2364 physicohistorica
1654 2292 1746 2346 fiat
1766 2293 2046 2365 possibilis.

203 2381 456 2450 Systema
502 2400 630 2453 ergo
675 2378 891 2430 nonnisi
930 2379 1073 2429 ideas
1116 2377 1317 2450 profert
1358 2378 1634 2431 intuitivas
1685 2378 2047 2449 objectorum,

202 2485 298 2539 per
328 2485 456 2538 quas
481 2464 614 2516 haec
644 2464 922 2516 intuemur
941 2501 956 2531 7
990 2461 1434 2515 Characteristica
1463 2474 1638 2515 autem
1660 2464 1918 2531 notiones,
1933 2464 2048 2535 qui-

196 2552 295 2603 bus
323 2551 527 2601 easdem
548 2550 689 2601 ideas
747 2549 1059 2621 cogitamus.
1100 2549 1372 2619 Quatenus
1405 2559 1581 2600 autem
1608 2548 1876 2620 objectum
1895 2548 2047 2620 prius

202 2639 378 2689 adesse
406 2637 588 2704 debet,
631 2655 793 2708 quam
826 2636 938 2707 ejus
980 2634 1128 2687 notio
1141 2672 1158 2702 9
1196 2634 1529 2706 systematica
1575 2632 2048 2686 Characteristicae

202 2723 410 2794 praeire
441 2724 613 2775 debet.

284 2930 327 2987 §-
375 2922 469 2996 44.
513 2919 1062 2980 Differentiae
1103 2919 1320 2978 inter
1362 2918 1963 2996 Systematicam

450 3029 520 3074 et
562 3016 1333 3075 Characteristicam.
1390 3014 1794 3094 Exempla.

369 3150 624 3210 Nullum
661 3163 822 3208 certe
867 3163 1172 3231 punctum
1220 3148 1408 3227 magis
1451 3147 1814 3226 neglectam,
1855 3170 2045 3228 prae-

204 3247 514 3315 terviszcm,
550 3267 669 3304 non
697 3245 1080 3318 intellectum,
1113 3244 1379 3316 nullam,
1414 3244 1478 3301 in
1513 3266 1634 3324 quo
1667 3244 1806 3323 plus
1832 3265 2044 3323 pecca-

204 3354 333 3398 tum
377 3341 437 3396 in
485 3340 770 3398 historiae
816 3342 1111 3399 naturalis
1154 3338 1616 3400 tractaminibus
1659 3360 1841 3420 quam
1863 3341 2043 3417 justa
