2127 3775
185 219 252 267 74

343 341 817 415 Physiographiola
849 343 1020 393 cuivis
1057 344 1239 409 operis
1266 345 1468 408 speciei
1504 362 1712 395 annexa
1748 345 1888 397 inter
1920 347 2022 397 alia

178 438 228 481 et
256 430 526 502 sequentia
562 428 743 478 eadem
769 447 891 478 cuin
925 426 1223 480 sinceritate
1253 430 1464 501 prodit,
1517 450 1622 503 qua
1657 431 1941 503 prudentia
1964 432 2023 508 ,id

175 535 335 587 supra
361 513 730 565 absconditum
758 512 875 566 fuit.

455 638 522 693 Τ.
559 639 805 712 pavonia.
1377 639 1437 691 F.
1473 641 1750 694 undulata.

177 742 429 794 Laciniae
469 763 665 813 parum
709 743 861 816 apice
909 756 1056 797 tran·
1110 743 1338 817 Capsula
1400 745 1674 814 oblonga,
1739 749 1987 816 trigona,

445 842 621 883 eatae.
1382 830 1594 902 angulis
1628 830 1843 883 obtusis.

341 931 786 987 Characteristice
822 955 953 1009 ergo
982 955 1090 987 sese
1122 933 1322 987 habent
1362 933 1495 986 haec
1530 937 1636 987 duo
1680 955 1909 1008 genera,
1946 935 2029 988 uti

172 1031 484 1073 truncatum
513 1022 579 1072 ad
607 1023 954 1089 undulatam,
994 1031 1043 1073 et
1066 1021 1147 1073 uti
1178 1023 1367 1073 divisio
1396 1023 1478 1073 bis
1509 1025 1782 1089 instituta,
1821 1022 1888 1072 ad
1913 1042 2029 1074 sae-

166 1109 292 1172 pius
316 1110 648 1176 institutam,
687 1129 818 1180 ergo
848 1108 928 1160 uti
953 1109 1083 1176 plus
1107 1118 1158 1160 et
1182 1110 1356 1159 minus
1383 1127 1483 1159 nec
1517 1129 1627 1160 non
1655 1109 1737 1162 uti
1764 1111 1947 1162 rarius
1980 1119 2030 1161 et

173 1195 405 1262 saepias.
439 1224 507 1233 --

271 1353 311 1417 §.
361 1345 454 1406 50.
504 1347 831 1410 Indoles
875 1351 1446 1414 characterum
1489 1351 1910 1433 speciales,

343 1484 742 1545 Characteres
790 1486 1020 1547 debent
1069 1512 1196 1549 esse
1241 1489 1564 1570 simplz'035‚
1610 1491 1930 1569 perspicui
1970 1501 2029 1547 et
2108 1521 2112 1523 v

176 1600 360 1660 quam
395 1583 755 1640 brevissimi:
798 1582 862 1640 id
899 1597 1140 1658 autem,
1186 1586 1337 1667 quin
1376 1585 1678 1644 evidentia
1710 1583 1926 1643 exinde
1962 1585 2024 1642 in

175 1675 396 1755 speciei
428 1675 942 1738 determinatione
972 1681 1308 1740 minuatur.

342 1786 689 1843 Characteres
735 1793 1007 1861 simplices
1053 1793 1339 1861 dicuntur,
1390 1794 1485 1867 qui
1529 1791 1670 1844 nihil
1721 1792 2029 1860 continent,

176 1874 280 1925 nisi
318 1875 461 1946 quod
502 1894 601 1946 pro
641 1875 981 1929 distinctione
1017 1889 1091 1931 est
1119 1880 1479 1931 necessarium
1511 1912 1580 1919 ——
1605 1879 1812 1951 reliqua
1849 1878 2030 1929 omnia

177 1971 302 2012 sunt
324 1962 593 2034 superflua
612 1999 629 2029 ,
669 1973 719 2015 et
747 1983 856 2014 non
886 1964 1100 2017 inutilia
1132 1968 1332 2033 solum,
1384 1967 1473 2018 sed
1511 1965 1702 2016 nociva
1737 1964 2031 2036 perspicui-

174 2056 331 2098 tatem
360 2057 410 2098 et
434 2048 753 2101 brevitatem
778 2050 890 2101 sine
915 2052 1025 2102 ullo
1048 2051 1231 2104 fructu
1255 2051 1650 2103 imminuentia.
1683 2051 1828 2103 Haec
1853 2061 2032 2103 autem

175 2132 484 2205 simplicitas
512 2153 622 2184 non
659 2145 869 2206 pugnat
906 2155 1031 2186 cum
1062 2135 1463 2188 characteribus
1494 2136 1796 2208 compositis
1828 2157 1891 2187 ex
1916 2137 2032 2209 plu-

174 2217 326 2268 ribus
363 2218 498 2269 notis
524 2218 610 2270 vel
643 2219 943 2287 sententiis,
990 2219 1080 2273 hic
1112 2221 1256 2272 enirn
1283 2223 1345 2273 de
1374 2223 1531 2274 totius
1562 2221 1883 2276 characteris
1911 2225 2032 2274 sim-

176 2303 405 2375 plicitate
432 2304 488 2354 in
515 2306 846 2377 expressione
875 2305 1087 2377 agitur,
1128 2315 1178 2358 et
1200 2307 1320 2358 illae
1351 2307 1521 2360 dictae
1552 2319 1737 2376 notae,
1787 2309 1845 2359 ni
1873 2310 2027 2381 plura

176 2388 480 2457 continent,
533 2411 695 2463 quam
737 2393 1041 2445 necessitate
1083 2394 1279 2466 petita,
1331 2394 1681 2467 simplicitatis
1726 2395 1903 2466 legem
1941 2414 2030 2446 ne-

176 2494 448 2547 quaquam
473 2475 691 2528 violant.

346 2559 691 2614 Characteres
720 2567 1002 2633 perspicui
1023 2563 1305 2634 dicuntur,
1345 2565 1499 2618 facile
1530 2568 1623 2640 qui
1652 2567 2031 2639 intelliguntur

179 2657 230 2697 et
257 2646 471 2698 nonnisi
495 2669 661 2699 unam
681 2647 1178 2721 interpretationem
1202 2653 1516 2704 concedunt.
1556 2652 2030 2705 Characteristicae

177 2742 359 2784 autem
387 2755 585 2786 munus
610 2754 952 2808 nequaquam
983 2733 1144 2787 habet
1160 2774 1175 2803 ,
1215 2738 1599 2809 expressiones,
1639 2759 1768 2812 quas
1794 2738 2029 2807 adhibet,

181 2818 510 2891 explicandi,
559 2822 650 2873 sed
692 2822 807 2873 illas
847 2841 910 2873 ex
944 2821 1382 2896 Terminologia,
1432 2825 1511 2876 ihi
1559 2828 1839 2893 expositas
1883 2837 1934 2878 et
1975 2828 2030 2877 in

178 2924 332 2955 nsum
361 2906 692 2975 reliquorum
715 2910 952 2980 capitum
967 2948 1000 2975 ,.
1025 2913 1105 2960 uti
1134 2913 1382 2975 diximus,
1414 2923 1790 2982 praeparatas
1825 2911 2029 2983 repetit.

182 2990 332 3042 Nova
374 2989 502 3042 hinc
546 2994 786 3061 occasio,
840 3013 903 3045 ex
949 3014 1043 3046 sua
1085 2994 1275 3068 lingua
1334 2997 1689 3068 cognoscendi
1737 2998 2027 3049 scientiam.

183 3072 683 3128 Characteristicam
712 3078 989 3153 hucusque
1023 3081 1152 3132 adeo
1188 3081 1492 3133 insecuram
1520 3102 1657 3151 esse,
1695 3084 2028 3156 potissimum

183 3159 620 3234 Terminologiae
652 3163 924 3216 debemus.
963 3165 1175 3238 Quanta
1207 3176 1383 3218 autem
1415 3167 1480 3219 sit
1507 3168 1852 3236 insecuritas,
1890 3168 2030 3240 quis·

185 3266 287 3319 que
324 3243 426 3297 sibi
455 3249 653 3320 optime
678 3249 838 3317 sciet,
889 3252 984 3324 qui
1013 3272 1167 3325 saepe
1207 3252 1414 3325 saepius
1452 3253 1647 3326 species
1685 3254 1911 3308 diversas
1943 3255 2027 3306 de-

182 3331 469 3385 terminare
492 3336 734 3409 suscepit.
756 3333 952 3391 Contra
969 3335 1399 3412 perspicuitatem
1416 3351 1638 3412 peccant
1652 3340 2021 3393 characterum
