2127 3775
213 227 281 276 78

209 349 461 422 producit
498 345 965 415 Characteristica,
1020 356 1069 399 et
1095 350 1289 400 sistunt
1325 348 1379 398 in
1407 349 1715 416 cognitione
1744 350 2051 404 secundum.

210 436 331 487 Alia
358 436 444 488 via
475 434 804 505 cognitiones
833 432 936 485 sibi
964 432 1191 506 parandi
1223 451 1332 483 non
1367 432 1542 483 existit
1575 431 1677 482 nisi
1703 451 1798 503 per
1819 436 1971 486 ideas
2001 443 2050 484 et

207 540 304 592 per
360 522 623 573 notiones·
684 516 824 570 Cum
876 540 1004 592 ergo
1058 519 1178 569 illae
1225 517 1373 568 ideae
1415 518 1711 568 necessario
1758 519 1917 570 modo
1961 539 2051 569 an-

207 617 289 659 tea
327 603 607 670 formatae
656 625 763 657 esse
808 607 1063 673 debeant,
1115 604 1429 677 priusquam
1476 606 1530 655 in
1570 607 1820 657 notiones
1868 607 2057 658 reduci

206 700 433 763 queant,
465 694 623 760 prius
652 702 827 743 autem
854 692 1204 764 Systematica
1229 699 1473 762 praestet,
1513 690 1744 741 alterum
1771 687 2053 741 Characte-

204 776 382 828 ristica
407 808 478 817 -—
502 775 697 827 harum
731 777 787 828 in
814 777 1166 851 applicatione
1204 775 1465 828 successio
1495 794 1591 847 per
1622 795 1673 825 se
1706 775 1864 826 clara.
1892 775 2054 828 Huno

204 872 254 915 et
282 863 494 913 nullum
532 862 698 914 alium
731 883 945 915 sensum
975 864 1248 916 continent
1280 864 1521 915 Linnaei
1549 862 1871 913 immortales
1900 881 2052 913 cano-

204 967 325 1014 nes,
367 968 594 1018 quorum
617 952 815 1019 paucis
847 952 1057 1016 verbis,
1098 959 1146 1000 et
1177 949 1219 999 si
1255 946 1391 999 nihil
1432 947 1578 997 aliud
1612 947 1844 1015 fecisset,
1884 968 2055 1000 essen-

204 1037 334 1086 tiam
367 1047 599 1087 naturae
629 1036 890 1088 historiae
917 1037 1312 1100 constabilivit,
1364 1036 1469 1086 sibi
1503 1045 1680 1085 autem
1718 1053 1960 1104 perenne
2001 1035 2055 1084 in

204 1121 361 1184 hujus
387 1123 644 1173 scientiae
654 1118 831 1189 fastis
849 1125 1035 1190 posuit
1056 1131 1471 1173 monumentum,
1493 1120 1853 1172 Resonabant
1876 1128 2056 1170 autem

204 1205 283 1256 illi
313 1223 537 1255 canones
582 1205 638 1258 in
669 1206 918 1278 plurimis
958 1209 1164 1277 recepti
1207 1205 1390 1272 libris,
1445 1207 1709 1276 explicati
1740 1206 1797 1256 in
1837 1205 2055 1277 paucis,

208 1292 476 1359 applicati
496 1290 552 1340 in
582 1292 933 1364 paucissimis.
960 1293 1070 1344 Imo
1101 1293 1199 1344 sub
1226 1290 1588 1364 explicationis
1613 1291 1900 1343 tentamine
1926 1301 2057 1342 tam-

206 1377 302 1427 diu
336 1396 489 1448 saepe
520 1377 897 1443 vertebantur,
936 1377 1102 1428 donec
1130 1376 1334 1428 fuerint
1367 1375 1542 1427 subito
1569 1378 1801 1442 inversi,
1851 1385 1900 1427 et
1929 1395 2055 1428 eon-

206 1465 440 1515 trarium
484 1482 547 1514 ex
579 1462 680 1513 illis
711 1466 916 1530 optima
952 1484 1095 1534 paee
1109 1460 1292 1533 fuerit
1333 1465 1630 1516 deductum.
1675 1462 1924 1514 Audiunt
1963 1481 2055 1513 au-

205 1558 314 1601 tem
339 1548 655 1600 momentosi
680 1548 758 1599 illi
783 1568 1041 1600 canonesz

385 1635 591 1688 Scias
657 1635 1178 1690 Characterem
1236 1656 1373 1688 non
1432 1638 1880 1688 constituere
1945 1634 2057 1686 Ge-

207 1740 366 1788 nus,
424 1724 553 1773 sed
614 1721 849 1773 Genus
913 1722 1468 1788 Characterem3
1536 1722 2055 1774 Characterem

188 1803 450 1873 fluere
503 1826 584 1857 ex
651 1807 961 1874 Genere,
1000 1828 1137 1861 non
1196 1808 1428 1860 Genus
1480 1828 1508 1859 e
1567 1807 2057 1870 Charaeter63

216 1892 741 1945 Characterem
777 1913 916 1946 non
954 1913 1138 1960 esse,
1187 1905 1258 1945 ut
1300 1896 1534 1946 Genus
1566 1892 1759 1961 fiat,
1810 1895 1939 1943 sed
1988 1902 2059 1942 ut

215 1976 447 2028 Genus
483 1988 859 2032 noscatur.
1239 2033 1241 2037 ,
1441 1971 1446 1975 ,

374 2060 453 2111 Ex
481 2059 589 2128 his,
628 2061 850 2133 inquam
863 2099 879 2130 9
931 2063 1199 2115 sententiis
1230 2063 1400 2114 omnis
1434 2062 1713 2114 methodus
1751 2055 2057 2135 physicohi-

210 2145 398 2195 storica
423 2166 520 2217 pro
555 2146 657 2196 illis
682 2147 945 2218 capitibus
965 2185 980 2215 9
1020 2168 1154 2219 quae
1183 2147 1582 2219 cognitionibus
1607 2147 1910 2200 scientificis
1938 2147 2058 2199 fun-

213 2230 457 2282 damenta
497 2231 789 2302 praebent,
842 2232 1074 2284 derivari
1113 2233 1323 2304 poterit.
1374 2233 1511 2283 Nam
1547 2234 1589 2284 si
1621 2254 1728 2285 non
1768 2232 2058 2284 Character

211 2318 487 2367 constituit
532 2315 713 2366 Genus
726 2353 742 2384 7
795 2318 885 2368 sed
925 2318 1104 2368 Genus
1139 2316 1547 2388 Characterem,
1601 2320 1780 2370 Genus
1820 2321 1931 2370 alia
1966 2322 2058 2370 via

211 2410 389 2452 ortum
409 2421 514 2452 esse
548 2402 717 2470 debet,
749 2412 797 2453 et
823 2401 947 2474 quia
973 2424 1084 2456 non
1114 2423 1209 2475 per
1241 2401 1635 2472 Characterem,
1670 2424 1778 2454 non
1811 2421 1938 2475 ergo
1961 2423 2058 2475 per

212 2489 484 2538 notionem
515 2496 565 2538 et
604 2499 797 2553 notas,
848 2488 993 2538 nulla
1032 2487 1134 2537 alia
1174 2508 1335 2559 quam
1370 2508 1467 2560 per
1507 2492 1752 2540 intuitum
1785 2488 2058 2560 generatio

212 2569 491 2642 possibilis,
529 2570 589 2621 Si
628 2591 789 2643 porro
819 2570 1110 2624 Character
1158 2592 1219 2622 ex
1260 2572 1464 2623 Genere
1484 2572 1629 2638 fluit
1651 2574 1685 2625 i.
1715 2594 1758 2625 e.
1789 2579 2054 2645 sequitur,

216 2657 395 2708 Genus
418 2657 625 2729 praeire
656 2657 809 2709 debet
835 2655 1176 2724 Characteri,
1215 2658 1357 2729 quod
1390 2658 1657 2729 supponit,
1691 2679 1859 2730 genus
1881 2659 2056 2730 ipsum

214 2762 321 2793 esse
364 2746 666 2796 intuitivam
709 2746 917 2808 ideam,
972 2762 1066 2794 seu
1102 2763 1196 2815 per
1244 2745 1398 2794 talem
1457 2743 1863 2802 conformatum.
1911 2745 1978 2796 Et
2013 2744 2056 2794 si

217 2828 428 2879 tandem
453 2826 743 2880 Character
767 2850 874 2881 non
905 2839 1006 2896 est,
1044 2826 1256 2896 utfiat‚
1297 2831 1384 2880 sed
1414 2839 1472 2881 ut
1498 2842 1759 2882 noscatur
1786 2830 1965 2881 Genus
1989 2861 2058 2870 —-

216 2912 365 2963 hicce
396 2911 581 2964 Canon
610 2917 845 2981 primum
883 2917 1206 2984 cognitionis
1244 2925 1599 2980 momentum,
1651 2914 1827 2966 ideam
1866 2935 2056 2988 nempe

217 2997 392 3048 stricte
427 3007 632 3069 separat
669 2998 735 3049 ab
769 3002 1034 3066 secundo,
1082 2998 1223 3070 quod
1267 2997 1400 3048 nihil
1432 2998 1576 3050 aliud
1617 2999 1722 3051 nisi
1762 3002 1910 3054 notio
1950 3021 2056 3053 esse

217 3092 436 3153 poterat.
490 3083 549 3133 Si
587 3102 716 3155 ergo
759 3082 1051 3136 Character
1095 3082 1403 3134 nullomodo
1450 3093 1553 3150 est,
1603 3097 1660 3136 ut
1706 3087 1884 3139 Genus
1904 3083 2053 3152 fiat,

220 3165 509 3218 Character
535 3179 714 3221 autem
744 3189 951 3242 semper
977 3171 1192 3222 nonnisi
1225 3171 1450 3238 singulis
1478 3174 1621 3223 notis
1656 3183 1892 3240 constet,
1931 3171 2055 3222 inde

219 3253 377 3316 simul
401 3263 570 3324 patet,
609 3254 665 3305 in
693 3256 1098 3327 productionem
1132 3256 1382 3321 Generis,
1433 3275 1539 3327 qua
1567 3256 1760 3327 objecti
1794 3258 2055 3327 Systema-

224 3339 383 3407 ticam,
422 3340 626 3393 nullam
653 3344 921 3411 singulam
954 3345 1298 3412 miditatem,
1348 3350 1396 3392 et·
1433 3341 1496 3393 sit
1532 3343 1940 3414 qualiscunque,
1979 3343 2054 3394 ul-
