2127 3775
216 263 281 312 56

215 450 260 508 ἓ.
297 442 390 501 35.
423 441 1015 502 Nomenclatura
1057 441 1551 520 systematica
1595 464 1647 499 v.
1694 440 2043 499 trivialis„

375 578 427 635 N
433 573 842 633 omenclatura
873 587 962 634 est
999 573 1251 655 duplex:
1308 586 1413 633 aut
1444 576 1768 652 scientifica
1800 588 1902 632 aut
1933 578 2038 632 tri-

212 672 390 732 vialis,
433 673 478 728 S
481 670 775 748 cientiflca
802 683 892 730 est
923 674 1235 750 expressio
1262 674 1600 751 systematis
1626 669 1890 730 verbalis.
1927 672 2041 728 De-

211 767 316 823 bet
348 786 471 822 esse
501 765 876 842 systematica
906 765 1103 847 quoad
1116 762 1430 852 sormam,
1473 767 1510 824 i.
1551 789 1598 823 e.
1633 776 1922 847 sequatur
1948 786 2041 843 sy-

210 871 428 931 stema,
473 858 655 917 debet
696 881 822 918 esse
864 859 1063 941 quoad
1094 865 1397 921 materiem
1424 861 1461 918 i.
1499 882 1548 919 e.
1580 859 2044 941 correspondeat

211 955 508 1034 principio
539 953 950 1012 similitudinis
978 955 1568 1035 physicohistoricae.

378 1084 571 1142 Omne
608 1084 917 1163 singulum
953 1086 1246 1158 verbum,
1304 1085 1466 1168 quod
1501 1084 1811 1164 singulum
1843 1084 2047 1165 objec-

212 1191 344 1237 tum
377 1200 484 1237 seu
518 1178 897 1257 compleoemn
935 1178 1317 1259 objectorum
1360 1202 1479 1260 qua
1515 1190 1703 1238 totum
1742 1180 2045 1261 quoddam

209 1274 509 1352 designat,
538 1273 762 1332 dicitur
794 1297 1038 1348 nomen,
1081 1274 1409 1352 (Nahmen)
1444 1296 1489 1332 e.
1516 1296 1603 1354 gr.
1639 1277 2042 1356 Campanula‚

210 1370 609 1442 Nasturtium‚
641 1383 700 1429 et
731 1384 819 1429 est
847 1373 1104 1452 simplex
1123 1395 1194 1431 ex
1219 1395 1341 1431 uno
1373 1372 1560 1430 verbo
1593 1373 1924 1430 consistens
1955 1371 2051 1430 vel

214 1470 598 1546 compositmn
631 1489 702 1525 ex
729 1467 1033 1547 pluribuS,
1078 1490 1260 1550 quam
1293 1489 1416 1526 uno
1445 1489 1494 1525 e.
1533 1489 1587 1546 g.
1621 1466 2052 1537 HabenorchiS‚

211 1561 749 1642 Lilioasphodelus.
807 1564 1041 1622 Nomen
1084 1563 1383 1642 adjectivo
1419 1562 1618 1622 adhuc
1653 1563 1913 1643 amplius
1947 1560 2051 1619 de-

213 1657 455 1718 finitum
495 1659 726 1719 dicitur
760 1658 1160 1719 denominatio
1193 1658 1639 1739 (Benennung).
1678 1658 2067 1740 Campanula·

208 1754 443 1834 alpina3
488 1756 869 1814 Nasturtium
906 1756 1271 1837 aquaticum.

385 1884 597 1935 Forma
626 1884 1058 1938 nomenclaturae
1093 1884 1458 1957 systematicae
1491 1884 1727 1936 consistit
1760 1884 1819 1934 in
1857 1902 1951 1950 eo,
1998 1891 2057 1933 ut

214 1967 431 2020 nomina
467 1979 516 2022 et
548 1970 999 2024 denominationes
1037 1972 1371 2045 objectorum
1409 1972 1632 2023 eandem
1666 1972 1970 2041 juncturam
2007 1975 2056 2015 et

212 2054 456 2106 ordinem
483 2068 791 2129 agnoscant,
829 2078 991 2132 quam
1016 2058 1105 2109 illa
1133 2059 1338 2131 objecta
1370 2077 1465 2109 seu
1489 2057 1637 2107 ideae
1660 2056 1717 2105 in
1746 2061 2053 2126 systemate,

213 2148 264 2190 et
287 2139 504 2212 quidem
532 2141 631 2211 ita,
681 2154 738 2194 nt
765 2164 834 2195 ex
868 2146 1086 2196 nomine
1111 2165 1154 2196 s,
1192 2144 1626 2196 denominatione
1666 2143 1862 2208 objecti
1875 2138 2057 2208 facile

211 2227 365 2289 idea,
418 2236 471 2276 et
505 2244 665 2277 versa
697 2229 814 2279 vice
854 2248 923 2279 ex
950 2231 1073 2280 idea
1102 2230 1299 2294 objecti
1310 2226 1494 2298 facile
1519 2247 1713 2281 nomen
1748 2238 1801 2279 et
1826 2227 2056 2278 denomi-

215 2312 362 2361 natio
390 2312 601 2375 possint
623 2312 867 2379 inveniri,
907 2316 988 2365 uti
1009 2314 1270 2366 historiae
1293 2315 1563 2366 naturalis
1588 2316 1647 2366 id
1668 2314 1816 2365 notio
1842 2312 2058 2378 expetit.

352 2394 603 2448 [Materia
632 2405 811 2448 autem
851 2397 1006 2450 debet
1046 2398 1459 2472 correspondere
1504 2398 1773 2472 principio
1813 2395 2057 2448 similitu-

218 2479 353 2531 dinis
390 2477 932 2553 physicohistoricae,
985 2494 1061 2536 est
1090 2485 1234 2536 enim
1268 2484 1489 2537 historia
1526 2483 1782 2536 naturalis
1817 2481 1915 2533 sub
1953 2479 2056 2530 hoc

216 2563 484 2637 principio
519 2576 777 2636 systema,
824 2569 988 2621 verba
1020 2589 1148 2642 ergo
1186 2570 1486 2641 exprimant
1519 2569 1782 2622 rationem
1813 2565 2056 2618 similitu-

217 2650 371 2702 dinis.
423 2649 646 2700 Summa
675 2653 765 2705 hic
799 2653 1116 2722 difficultas,
1168 2664 1218 2706 et
1255 2654 1376 2724 hic,
1426 2654 1516 2707 hic
1554 2665 1629 2707 est
1661 2674 1911 2725 campus,
1966 2651 2057 2724 qui

219 2736 463 2788 omnium
482 2736 860 2789 desertissimus
886 2749 935 2789 et
958 2747 1134 2790 tamen
1158 2740 1288 2791 adeo
1308 2739 1528 2792 fundata
1554 2749 1628 2792 est
1650 2738 1839 2790 mentis
1854 2737 2055 2809 petitio,

220 2832 283 2875 ut
311 2822 378 2874 sit
406 2842 573 2874 nexus
618 2822 756 2875 inter
795 2823 1013 2875 nomina
1046 2835 1096 2876 et
1134 2845 1228 2876 sua
1272 2825 1506 2897 objecta:
1557 2827 1777 2877 nomina
1817 2824 1869 2874 si
1906 2823 2056 2874 mala

220 2919 360 2975 sunt,
393 2910 539 2978 perit
566 2919 617 2961 et
645 2913 880 2978 cognitio
916 2930 1110 2962 rerum.
1160 2910 1450 2963 Postulatui
1482 2919 1660 2962 autem
1688 2907 1817 2959 huic
1854 2907 2051 2979 duplici

225 2993 436 3046 nonnisi
460 2993 616 3044 modo
642 2993 881 3047 satisfieri
908 3005 1092 3068 potest,
1132 2997 1213 3047 vel
1243 3007 1303 3048 ut
1324 2995 1486 3047 verba
1515 2995 1669 3067 plane
1695 3014 1831 3047 nova
1858 2993 2050 3046 cudan-

229 3090 346 3146 tur,
393 3080 474 3130 vel
510 3089 571 3132 ut
605 3079 793 3132 usitata
830 3070 1108 3156 hucusque
1140 3083 1336 3135 ‘callida
1373 3081 1558 3133 reddat
1599 3082 1848 3152 junctura
1884 3097 2051 3143 nova,

226 3163 296 3216 ita
328 3173 388 3216 ut
414 3163 645 3237 deposita
676 3164 1065 3238 significatione
1097 3176 1308 3220 veterna
1340 3184 1533 3219 novam
1565 3167 1802 3218 induant.
