2127 3775
1836 285 1904 335 89

96 400 324 467 nitatur,
362 401 593 472 cujusvis
627 400 768 450 enim
797 399 1041 472 proflucti
1068 412 1288 455 naturae
1319 407 1612 478 disquisitio
1652 408 1836 476 incipit
1858 420 1907 458 et

93 486 247 538 debet
273 487 507 555 incipere
539 486 606 537 ab
633 488 741 553 ejus
771 490 1213 540 determinatione
1233 489 1746 560 physicohistorica.

137 650 181 714 ς.
224 646 319 705 60.
358 647 520 707 Non
564 645 910 705 existunt
948 648 1319 708 schemata
1369 670 1502 730 pro
1538 649 1868 731 reliquis

452 742 881 802 unitatibus
924 767 1158 826 supra
1199 747 1546 826 speciem.

251 876 500 937 Schema
530 881 745 958 speciei
764 890 1006 939 eatenus
1031 886 1268 943 nonnisi
1297 883 1579 966 possibile
1613 893 1733 954 est,
1764 901 1912 962 qua-

91 984 268 1033 tenus
302 979 794 1033 constructionem
822 975 1079 1036 admittit
1099 981 1319 1058 speeies
1353 982 1512 1058 ipsa:
1539 1001 1677 1036 cum
1711 989 1912 1036 autem

90 1075 426 1149 superiores
454 1073 712 1129 unitates
740 1073 1249 1137 constructionem
1289 1073 1519 1134 nullam
1559 1085 1877 1152 agnoscant
1896 1117 1910 1143 ,

90 1187 290 1247 neque
319 1165 620 1224 schemata
651 1187 855 1225 eorum
881 1171 1131 1227 existere
1152 1180 1428 1248 possunt.

256 1259 481 1311 Schema
515 1261 708 1333 speciei
739 1262 1065 1314 construitur
1086 1282 1181 1335 per
1222 1263 1378 1315 series
1418 1262 1752 1336 singularum
1789 1282 1914 1334 quu-

86 1343 313 1396 litatum.
350 1345 489 1397 Inter
517 1347 746 1399 diversas
790 1357 966 1398 autem
999 1348 1229 1420 species,
1275 1348 1416 1401 inter
1461 1368 1657 1421 genera
1694 1357 1743 1400 et
1778 1348 1915 1400 ordi-

91 1449 182 1481 nes
210 1431 385 1482 nullus
420 1433 678 1503 ejusmodi
703 1451 797 1504 per
819 1432 978 1484 series
1001 1443 1075 1485 est
1101 1452 1293 1501 nexus9
1331 1434 1403 1489 ita
1433 1445 1494 1486 ut
1531 1455 1704 1485 unum
1740 1434 1796 1485 in
1848 1435 1916 1484 al-

87 1526 261 1568 terum
295 1527 550 1586 transeat,
590 1519 680 1569 sed
711 1518 804 1591 qui
843 1518 989 1575 adest
1024 1539 1223 1587 nexuS,
1269 1540 1372 1589 per
1429 1523 1673 1573 di'versos
1708 1523 1917 1591 gradus

88 1613 142 1653 et
170 1595 634 1669 manifestationes
657 1599 1020 1656 similitudinis
1041 1605 1570 1675 physz'cokistoricae
1603 1610 1917 1660 determina-

89 1701 195 1743 tur.
246 1692 344 1743 Pro
388 1691 477 1742 illo
515 1702 691 1742 autem
726 1712 898 1758 nexu,
957 1713 1284 1762 quamquam
1320 1696 1683 1746 immediatam
1721 1693 1918 1745 habeat

89 1779 410 1830 evidentiam
436 1777 470 1827 i.
510 1797 552 1828 e.
591 1776 683 1850 qui
717 1775 1066 1828 confirmatur
1093 1797 1189 1848 per
1218 1787 1466 1829 naturam
1497 1779 1697 1850 ipsam,
1737 1791 1915 1831 tamen

87 1864 240 1914 nulla
266 1867 541 1930 expressio
575 1863 811 1916 verbalis
837 1863 1137 1932 possibilis,
1183 1883 1314 1933 ergo
1360 1884 1531 1933 neque
1575 1864 1916 1917 Schematica

88 1948 373 2001 exhibitio.-
406 1959 484 2000 est
510 1951 645 2000 enim
671 1948 888 2001 schema
915 1950 1119 2016 speciei
1132 1947 1270 1999 nihil
1298 1949 1464 2013 aliud,
1488 1968 1649 2017 quam
1680 1952 1790 2015 ejus
1828 1970 1917 2003 ex-

83 2037 293 2104 pressio
323 2034 574 2087 verbalis.

255 2120 535 2172 Schemate
567 2118 864 2191 specierum
891 2127 1012 2170 sunt
1039 2117 1276 2170 absolute
1303 2120 1597 2171 necessaria
1624 2120 1689 2172 ad
1716 2120 1915 2194 perfec-

92 2216 165 2259 tas
192 2217 240 2258 et
272 2207 551 2279 completas
579 2204 1079 2278 physicohistoricas
1107 2205 1170 2256 de
1192 2204 1365 2278 specie
1407 2206 1734 2278 cognitiones
1776 2227 1915 2258 com-

88 2293 348 2365 parandas
367 2332 381 2360 7
420 2312 553 2365 quae
579 2293 680 2342 alia
706 2312 981 2364 nunquam
1009 2292 1094 2343 via
1120 2292 1328 2365 acquiri
1360 2303 1594 2364 possunt.
1646 2292 1729 2344 De
1770 2293 1916 2345 sche-

90 2379 322 2430 matibus
354 2398 612 2454 generum
639 2387 686 2429 et
717 2378 999 2444 ordinum,
1040 2377 1244 2429 etiamsi
1274 2377 1582 2446 existerent,
1621 2379 1676 2429 id
1707 2399 1914 2431 nonva-

89 2467 245 2534 leret,
283 2486 406 2517 nam
439 2468 592 2518 ideae
611 2467 893 2517 intuitivae
918 2464 1110 2516 harum
1137 2466 1400 2516 unitatum
1418 2504 1434 2531 >
1477 2467 1689 2517 etiamsi
1722 2467 1912 2517 verba·

90 2555 214 2606 liter
245 2555 479 2622 exprimi
499 2574 606 2605 non
628 2563 886 2623 possunt,
926 2551 1131 2621 duplici
1150 2552 1308 2603 modo
1329 2549 1514 2617 facile
1557 2551 1772 2623 acquiri
1786 2569 1916 2615 pos·

89 2650 229 2691 sunt.
276 2638 451 2689 Primo
493 2647 687 2688 attento
720 2635 894 2688 studio
922 2634 1250 2688 schematum
1296 2636 1624 2709 specierum,
1675 2637 1911 2687 secundo

90 2734 297 2794 autem,
352 2724 479 2774 dum
527 2732 774 2773 naturam
832 2721 997 2794 ipsam
1059 2722 1464 2796 contemplando
1512 2740 1574 2773 ex
1615 2720 1912 2794 specierum

89 2809 221 2866 ideis
243 2809 390 2861 illam
426 2806 664 2880 generis,
704 2825 765 2856 ex
795 2825 1054 2878 generum
1078 2805 1208 2859 ideis
1233 2808 1376 2859 illam
1402 2807 1603 2860 ordinis
1630 2827 1672 2858 e.
1699 2828 1736 2857 s.
1755 2827 1805 2879 p.
1821 2825 1912 2857 no-

89 2900 170 2953 bis
202 2889 545 2973 acquirimus.
586 2892 797 2966 Optime
839 2891 893 2942 id
936 2893 1284 2966 attingeretur
1320 2914 1415 2968 per
1459 2893 1824 2960 collectiones>
1864 2901 1915 2943 et

90 3007 349 3042 summum
378 2984 499 3037 hinc
545 2983 854 3051 horterum,
907 2992 1140 3034 naturae
1177 2977 1352 3033 studio
1387 2983 1756 3034 dedicatorum
1803 2998 1913 3031 mu·

93 3095 221 3140 nus,
262 3081 521 3145 quantum
556 3067 672 3121 fieri
695 3062 916 3144 poterit·>
970 3068 1095 3119 illas
1141 3067 1498 3120 similitudinis
1544 3070 1783 3118 rationes
1821 3086 1912 3118 ex-

87 3161 371 3232 primendi.
419 3152 731 3227 Magnffico
770 3158 828 3208 id
839 3194 855 3223 2
905 3155 1053 3224 quod
1084 3155 1397 3221 opinamur,
1444 3154 1602 3204 modo
1653 3153 1707 3202 in
1749 3151 1909 3202 horto

97 3245 573 3300 Sclzo'nbrunnensi
594 3251 882 3311 praestant
915 3241 1164 3303 Aedes,
1202 3238 1406 3290 Palm
1422 3233 1666 3306 isfere
1715 3237 1910 3286 unice

98 3354 127 3386 c
145 3341 589 3395 onsecratae,
627 3340 764 3398 quae
789 3347 993 3380 summo
1022 3344 1141 3379 cum
1165 3326 1380 3395 ingenio
1408 3324 1781 3391 excogitatae,
1818 3340 1911 3371 no-

99 3420 220 3473 bilis
249 3419 401 3486 hujus
413 3413 671 3485 familiae
713 3417 849 3468 adeo
895 3415 1072 3467 vivam
1116 3431 1336 3481 eamque
1382 3409 1590 3464 claram
1629 3410 1912 3477 imaginem
