2127 3775
1821 225 1885 275 (ἐέ)

233 347 517 398 Sumamus
564 345 691 399 hinc
739 347 951 398 illarum
999 348 1398 400 individuorum
1433 351 1688 400 serieram
1728 348 1885 414 duas,

69 429 127 481 in
155 448 384 503 quarum
412 431 594 505 quavis
627 452 805 484 omnes
834 432 1237 485 individuorum
1267 434 1540 506 qualitates
1576 453 1683 484 una
1710 451 1887 503 excep-

69 524 117 566 ta
143 515 245 568 sint
265 520 489 569 eaedem.
529 519 636 570 Illa
669 532 846 572 antem
872 521 1126 589 qualitas,
1151 521 1205 570 in
1235 539 1334 591 qua
1372 519 1532 569 unius
1559 528 1648 571 aut
1678 518 1889 568 alterius

66 600 218 650 seriei
245 603 519 654 individua
547 604 686 655 inter
714 626 763 655 se
793 605 1044 655 differunt
1073 610 1142 668 (et
1173 625 1306 677 quae
1335 625 1481 655 suam
1511 605 1666 655 simul
1701 603 1886 654 seriem

65 684 273 755 habet)>
313 688 494 739 eodem
525 699 755 761 tempore
786 689 849 739 sit
878 701 1133 740 constans
1170 690 1405 757 qualitas
1434 688 1721 739 individuis
1762 688 1887 738 alte-

66 775 181 824 rias
210 773 378 824 seriei.
433 775 520 826 Sic
565 795 640 825 ex.
681 793 761 846 gr.
799 773 854 823 in
891 773 1061 844 prima
1099 773 1251 823 seriei
1281 774 1457 823 onmia
1496 773 1767 823 individua
1804 772 1887 821 ha-

63 855 224 909 beant
243 856 399 927 solia
447 871 670 923 octona,
726 858 931 909 caulem
964 877 1090 908 vero
1133 857 1457 929 simplicem,
1513 858 1774 923 divisum>
1823 858 1887 907 ad

61 942 213 993 basin
240 962 524 1009 ramosum,
564 943 629 992 ad
659 942 896 992 medium
927 962 1090 1014 usque
1120 961 1420 1009 ramosum>
1459 961 1616 1013 supra
1653 942 1887 992 medium

60 1047 153 1078 seu
177 1049 405 1094 superne
431 1048 722 1094 ramosam,
761 1029 1176 1079 ramosissimum
1203 1048 1244 1078 e.
1266 1049 1302 1077 s.
1329 1048 1378 1098 p.
1416 1026 1474 1077 In
1502 1027 1729 1078 secunda
1758 1028 1888 1077 serie

59 1114 237 1164 omnia
266 1113 541 1165 individua
570 1114 773 1164 caulem
805 1114 1036 1165 habeant
1056 1134 1284 1184 superne
1312 1132 1609 1176 ramosam,
1648 1112 1769 1162 solia
1799 1132 1887 1163 au-

58 1206 163 1248 tem
191 1197 384 1270 quina>
424 1218 574 1265 sena,
614 1208 854 1270 septena>
896 1211 1122 1264 octona,
1170 1218 1374 1249 novena
1408 1217 1450 1249 e.
1484 1218 1520 1249 s.
1545 1219 1595 1270 p.
1633 1199 1689 1249 In
1717 1198 1885 1269 prima

59 1300 188 1353 ergo
225 1282 357 1332 serie
394 1282 798 1333 individuorum
835 1304 1087 1335 numeras
1107 1281 1399 1351 soliar-am·
1429 1296 1686 1337 constans
1727 1303 1887 1334 mem-

56 1368 217 1418 brum
248 1368 405 1417 simul
442 1370 606 1419 seriei
635 1386 982 1419 namet-oram
998 1363 1277 1430 soliorum
1309 1368 1567 1418 secundae
1603 1367 1783 1433 seriei,
1832 1368 1884 1418 in

56 1453 284 1504 secunda
333 1462 509 1503 autem
555 1451 687 1501 serie
735 1451 1144 1502 individuorum
1193 1455 1433 1503 varietas
1480 1450 1890 1519 ramfficationis

56 1550 312 1591 constans
347 1547 421 1589 est
447 1536 605 1588 simul
633 1537 939 1588 membrum
971 1536 1129 1609 hujus
1157 1533 1571 1602 ramfficationis
1595 1542 1755 1590 seriei
1782 1540 1885 1610 pri-

55 1623 160 1673 oris
191 1623 593 1673 individuorum
627 1610 798 1673 seriei.
848 1622 1072 1693 Quando
1106 1642 1234 1695 ergo
1266 1624 1683 1694 congruentibus
1723 1634 1885 1675 caete-

56 1709 128 1759 ris
160 1708 528 1782 qualitatibus‚
570 1708 707 1760 dicta
734 1709 939 1761 valent:
980 1707 1100 1758 dein
1129 1707 1228 1758 hae
1267 1709 1399 1759 duae
1437 1709 1592 1759 series
1621 1710 1770 1760 illum
1799 1730 1885 1760 ne-

56 1814 185 1845 xum
213 1794 351 1846 inter
379 1815 428 1846 se
461 1796 765 1864 adsument,
804 1795 897 1868 qui
929 1805 1001 1846 est
1026 1793 1257 1846 conditio
1284 1792 1721 1867 homogeneitatis
1751 1795 1885 1845 indi-

54 1879 372 1931 viduorum:
426 1901 550 1931 nam
598 1881 824 1952 cogitari
869 1890 1034 1953 potest
1080 1891 1128 1932 et
1175 1880 1409 1932 occurrit
1445 1874 1655 1953 quoque
1693 1880 1884 1931 indivi-

54 1966 254 2033 duum,
293 1969 346 2017 in
376 1987 480 2037 qao
514 1968 687 2018 caulis
720 1971 1040 2033 ramositas,
1080 1976 1317 2017 ceterum
1344 1966 1596 2038 congruis
1624 1966 1882 2038 qualitati-

51 2050 152 2101 hus
178 2071 302 2102 cum
327 2050 617 2101 individuis
649 2051 853 2123 primae
882 2050 1065 2117 seriei,
1114 2053 1408 2102 membrum
1437 2055 1766 2104 ramositatis
1794 2053 1882 2103 ha-

41 2139 133 2203 jas
164 2145 213 2187 et
254 2135 411 2186 simul
447 2146 519 2187 est
549 2139 841 2188 ramositas
868 2137 1162 2187 commanis
1191 2135 1593 2187 individuorum
1621 2138 1881 2188 secundae

52 2221 239 2289 seriei,
279 2231 327 2272 et
355 2220 410 2271 in
439 2241 542 2294 quo
580 2241 833 2273 numeras
850 2219 1154 2291 foliorum,
1191 2220 1385 2272 iterum
1419 2233 1684 2274 caeterum
1715 2224 1880 2274 omni-

52 2305 152 2356 hus
185 2306 438 2377 congruis
461 2304 802 2378 qualitatibus
836 2325 958 2355 cum
989 2305 1280 2357 individuis
1308 2307 1535 2357 secunda
1586 2308 1737 2376 seriei
1758 2346 1772 2374 9
1812 2320 1882 2360 est

50 2391 342 2456 membrum
370 2393 534 2442 seriei
541 2388 815 2460 soliorum
845 2394 1055 2442 numeri
1079 2388 1237 2462 hujus
1249 2429 1264 2458 9
1305 2401 1354 2443 et
1391 2391 1546 2442 simul
1586 2397 1880 2445 commanis

51 2471 590 2543 namerasfolioram
618 2474 1023 2526 individuorum
1053 2476 1255 2548 primae
1284 2477 1454 2529 seriei.
1495 2477 1633 2528 Cum
1672 2488 1876 2545 autem,

50 2559 130 2611 uti
160 2559 517 2632 suppositum,
568 2560 846 2612 individua
886 2561 1162 2635 utriusque
1200 2562 1353 2614 seriei
1388 2563 1445 2614 in
1477 2563 1724 2614 omnibus
1756 2583 1875 2614 con-

51 2645 290 2711 veniunt,
323 2655 535 2716 excepto
564 2645 813 2697 foliorum
841 2667 1065 2699 numero
1091 2658 1140 2700 et
1168 2649 1324 2700 modo
1354 2648 1683 2715 ramositatis‚
1718 2648 1875 2700 etiam

53 2732 324 2802 singulum
362 2731 491 2782 illud
539 2731 879 2783 individuum
926 2734 1107 2785 eodem
1148 2745 1379 2807 tempore
1418 2745 1468 2785 et
1503 2734 1600 2784 uni
1639 2745 1685 2786 et
1722 2736 1872 2787 alteri

53 2817 205 2868 seriei
242 2827 313 2868 est
361 2816 786 2899 homogenean,
840 2837 900 2868 ex
937 2839 1041 2891 quo
1079 2820 1346 2892 sequitur,
1386 2819 1560 2871 onmia
1598 2821 1872 2894 utriusque

54 2901 207 2953 seriei
237 2901 514 2953 individua
546 2903 685 2954 inter
714 2923 765 2953 se
792 2900 1117 2978 homogenea
1145 2905 1249 2956 dici
1278 2905 1482 2956 debere.

215 2986 336 3037 Tali
365 2987 520 3039 modo
544 3007 674 3061 ergo
711 2988 865 3039 series
894 2990 1042 3061 prius
1071 2995 1151 3051 (§.
1185 2991 1297 3052 19.)
1333 2991 1616 3063 acquisitae
1654 3001 1870 3043 nectun-

51 3082 154 3139 tur,
193 3082 242 3124 et
277 3071 348 3123 sic
383 3092 491 3123 non
528 3083 729 3125 tantum
766 3074 1060 3141 individua,
1099 3093 1234 3147 quae
1270 3076 1435 3127 solum
1463 3076 1519 3126 in
1549 3095 1654 3127 una
1687 3078 1770 3129 vel
1801 3078 1871 3128 al-

48 3167 159 3214 tera
185 3156 466 3230 qualitate,
513 3158 603 3210 sed
637 3159 824 3226 etiam,
876 3178 1008 3233 quae
1046 3159 1102 3210 in
1128 3159 1372 3229 pluribus
1410 3162 1492 3212 vel
1532 3161 1586 3212 in
1621 3161 1869 3213 omnibus

53 3242 324 3310 differant,
367 3262 495 3315 ergo
524 3243 580 3294 in
608 3244 749 3296 nulla
781 3254 1112 3317 congruant,
1166 3246 1318 3318 jungi
1356 3255 1603 3318 poterunt
1638 3247 1693 3299 in
1728 3267 1866 3299 com·

53 3326 286 3396 plexum,
324 3327 364 3378 si
390 3329 545 3380 modo
572 3349 755 3382 omnes
785 3331 1030 3400 singulae
1064 3332 1352 3400 qualitates
1373 3343 1497 3387 sant
1522 3335 1761 3385 membra
1788 3356 1866 3386 se-
