2127 3775
1853 264 1921 318 55

92 402 141 444 et
169 412 430 465 quaenam
461 392 736 446 methodus
766 393 944 447 verius
975 393 1075 447 tibi
1106 395 1414 466 respondet,
1453 392 1495 442 si
1531 391 1824 462 interrogas
1855 390 1917 440 de

89 478 434 532 similitudine
463 488 616 551 (ergo
645 483 710 534 de
748 481 871 534 idea
904 483 1140 549 quadam
1157 479 1205 544 Ρ)
1247 481 1335 530 illa
1376 497 1512 551 quae
1554 497 1650 550 per
1676 477 1923 546 singalas

90 575 250 617 notas
288 573 442 638 (ergo
480 586 576 637 per
606 567 904 626 notionem)
937 565 1035 617 tihi
1066 564 1374 637 respondet,
1411 564 1495 614 vel
1519 562 1640 628 illa,
1679 579 1816 635 quae
1832 563 1921 612 ite-

91 667 210 702 ram
241 668 337 723 per
375 653 549 703 ideam
577 651 876 723 quaestioni
904 661 953 703 et
987 651 1084 703 tihi
1123 644 1413 702 satisfacit?

472 836 521 896 ς).
552 829 643 888 33.
690 829 1030 906 Systema
1067 826 1533 907 plantarum.

243 962 549 1022 Successio
596 960 878 1022 ordinata
919 962 1194 1021 omnium
1237 960 1562 1033 Classium‚
1618 959 1920 1019 Ordinum

89 1071 150 1118 et
186 1058 494 1118 Generum
535 1070 596 1116 et
640 1059 704 1119 in
736 1058 832 1117 his
875 1062 1209 1138 specierum
1255 1056 1598 1136 disposicio,
1643 1056 1756 1115 sub
1793 1056 1927 1136 qui-

86 1154 203 1212 bus
228 1176 628 1236 quaecunque
655 1157 828 1236 regni
856 1155 1205 1236 vegetabilis
1225 1152 1539 1212 individua
1570 1151 1836 1211 militant
1855 1184 1927 1192 —-·

85 1251 131 1309 S
119 1262 362 1332 ystema
408 1252 721 1330 vegetabile
752 1274 795 1310 s,
829 1253 1292 1333 Plzytosystema
1323 1249 1512 1310 audit.

225 1347 446 1419 Saepius
478 1349 696 1419 jamjam
723 1346 1050 1413 monuimus,
1088 1365 1195 1396 non
1225 1365 1319 1396 nos
1349 1364 1377 1394 a
1407 1344 1587 1416 priore
1619 1339 1931 1394 definiturus

87 1430 265 1499 fuisse,
296 1443 423 1504 quot
442 1453 601 1504 supra
629 1432 859 1504 speciem
874 1431 1102 1483 unitates
1131 1431 1236 1482 sint
1265 1430 1540 1481 oriundae.
1562 1427 1748 1478 —Sed
1778 1445 1933 1499 prop·

90 1527 168 1569 ter
201 1518 482 1569 notionum
524 1518 798 1570 unitatum
836 1516 1298 1588 systematicarum
1333 1513 1712 1587 expositionem
1739 1511 1928 1563 nonni-

88 1602 133 1653 si
164 1601 285 1670 illa,
333 1624 440 1677 qua
466 1614 684 1657 veterna
712 1614 761 1655 et
799 1613 921 1676 apta
935 1603 1170 1670 ⁴nomina
1212 1601 1548 1654 adduximus.
1568 1632 1634 1639 —
1652 1598 1726 1649 Ut
1753 1607 1931 1649 autem

85 1690 333 1740 idearum
377 1692 894 1758 congregationem,
933 1690 1058 1741 tales
1084 1688 1229 1740 enim
1262 1698 1385 1740 sunt
1422 1685 1787 1760 systematicae
1816 1683 1934 1735 uni-

86 1783 234 1841 tates,
271 1776 390 1845 jure
418 1785 660 1844 systema
691 1774 962 1843 dicamuS,
999 1774 1246 1826 nonnulli
1277 1784 1400 1825 sunt
1422 1773 1762 1845 postulatas,
1802 1788 1934 1842 quos

84 1860 297 1931 explere
329 1860 618 1914 debebunt.
656 1862 847 1925 Ideae,
879 1881 1015 1934 quae
1044 1861 1101 1912 in
1121 1870 1349 1933 systema
1379 1861 1710 1931 jungantur,
1744 1855 1937 1907 debent

85 1964 193 1996 esse
218 1946 588 2016 homogeneae
613 1947 648 1998 i.
680 1967 724 1999 e.
767 1967 830 1998 ex
863 1948 1047 1998 eodem
1058 1943 1228 2015 fonte
1265 1955 1314 1997 et
1355 1944 1539 1995 eadem
1575 1945 1789 1995 ratione
1832 1941 1934 1992 ori-

85 2030 270 2102 ginem
295 2031 530 2083 traxisse.
568 2033 801 2085 Fontem
828 2041 1009 2084 autem
1054 2030 1244 2082 sistunt
1282 2030 1588 2101 complexus
1618 2027 1935 2101 qualitatum

85 2116 688 2190 physicohistoricarum
727 2118 762 2168 i.
793 2138 835 2167 e.
873 2117 1133 2188 producta
1172 2125 1427 2182 naturae,
1478 2115 1718 2186 plantae,
1770 2117 1935 2167 ratio·

87 2222 208 2254 nem
248 2211 426 2253 autem
469 2201 826 2254 determinant
860 2200 1129 2273 principia
1168 2199 1484 2266 identitatis,
1536 2198 1935 2271 homogeneita-

87 2286 150 2339 tis
175 2297 224 2339 et
254 2287 635 2340 similitudinis
686 2287 746 2338 In
785 2298 1085 2356 systemate
1129 2305 1261 2355 ergo
1299 2286 1651 2350 plantarum,
1688 2286 1772 2337 nil
1809 2306 1935 2339 con-

91 2386 292 2426 tentam
320 2396 436 2428 esse
468 2386 681 2445 potest,
718 2375 870 2444 quod
899 2391 1010 2428 non
1040 2390 1143 2439 per
1176 2372 1603 2440 applicationem
1631 2372 1853 2424 illoram
1879 2374 1935 2425 in

84 2461 312 2528 plantas
329 2465 659 2529 prodactam
687 2471 791 2530 est3
828 2478 954 2509 nam
983 2457 1102 2507 illae
1133 2456 1281 2507 ideae
1310 2458 1404 2508 vel
1428 2455 1678 2508 fundatae
1707 2477 1815 2509 esse
1849 2458 1933 2510 de-

87 2545 216 2597 bent
245 2545 303 2596 in
324 2545 541 2618 objectis
569 2556 807 2598 anatura
840 2542 1145 2595 immediate
1174 2541 1450 2610 exhibitis,
1478 2561 1613 2615 quae
1645 2543 1931 2596 suntideae

90 2629 307 2683 infimae
348 2642 398 2684 et
445 2633 755 2685 intuitiones
794 2629 1163 2695 immediatae,
1217 2628 1310 2681 vel
1345 2627 1450 2688 (uti
1482 2629 1779 2701 superiores
1823 2649 1932 2682 om-

90 2724 247 2786 nes),
287 2738 348 2769 ex
380 2718 594 2769 illarum
620 2717 997 2791 compositione
1021 2714 1420 2788 provenientes,
1462 2734 1566 2787 quo
1609 2726 1659 2768 et
1684 2714 1785 2768 hae
1824 2736 1928 2790 qua

94 2802 432 2873 intuitiones,
473 2803 679 2855 etiamsi
721 2803 1011 2870 mediatae,
1050 2812 1322 2874 apparent.

231 2887 288 2938 In
325 2888 745 2961 aggregatione,
799 2887 855 2938 in
897 2907 1001 2960 qua
1033 2886 1312 2938 inferiores
1354 2885 1503 2936 ideae
1560 2906 1622 2938 ex
1656 2888 1929 2960 superiore

94 2992 224 3045 ergo
261 2993 358 3045 per
396 2974 813 3029 subdivisionem
861 2973 1111 3026 oriuntur
1142 3009 1159 3039 ,
1224 2975 1565 3039 systematici
1598 2973 1739 3025 nihil
1781 2973 1928 3026 inest.

93 3059 251 3112 Nulli
281 3071 481 3113 natura
519 3080 754 3132 anquam
792 3059 1185 3128 correspondet
1220 3057 1489 3110 divisioni.
1544 3057 1820 3130 Ejusmodi
1855 3057 1929 3110 di-

95 3147 320 3199 visiones
355 3145 632 3221 hucusque
672 3157 974 3218 systemata
1012 3142 1329 3212 artificialia
1355 3143 1633 3210 dicebant,
1672 3162 1807 3195 vera
1836 3161 1928 3194 au-

95 3244 200 3285 tem
231 3243 506 3307 systemata
535 3233 885 3286 nominabant
914 3242 1216 3301 systemata
1242 3231 1540 3284 nataralia.
1577 3227 1718 3280 Cum
1749 3239 1925 3280 autem

99 3318 291 3372 horum
322 3321 552 3372 duorum
583 3340 755 3373 unum
787 3320 939 3373 alteri
968 3338 1029 3370 ex
1051 3318 1311 3371 diametro
1346 3316 1458 3375 sere
1503 3315 1800 3388 oppositum
1834 3325 1924 3380 est,

102 3406 301 3479 respice
330 3406 623 3478 originem,
659 3406 857 3480 respice
887 3404 1028 3479 quod
1063 3403 1315 3472 continet,
1354 3413 1403 3456 et
1426 3401 1692 3476 quomodo
1722 3412 1771 3452 et
1797 3400 1926 3471 quid
