2127 3775
223 231 292 282 49

223 355 452 428 quadam
488 353 767 406 securitate
796 350 1076 425 explicatio
1105 350 1261 407 statui
1288 359 1486 422 posset,
1533 351 1650 423 quis
1686 354 1830 406 enim
1862 355 2053 409 discer.

222 442 398 494 nendo
432 460 529 513 par
568 440 732 504 foret,
785 456 1045 510 quaenam
1095 445 1250 488 notae
1295 436 1503 507 plantae
1541 457 1645 511 qua
1679 438 1734 490 P.
1769 441 2056 513 pumilioni

223 547 430 600 semper
459 523 743 581 convenire
782 522 1037 589 debeant,
1087 532 1147 576 ut
1177 522 1240 574 sit
1268 521 1323 581 P.
1358 524 1616 594 pumilio,
1670 545 1931 598 quaenam
1962 548 2055 580 au-

221 623 327 664 tem
363 612 466 661 sint
509 609 723 660 nonnisi
761 619 1101 661 externorum
1136 608 1489 660 redundantes
1525 607 1783 663 effectus?
1830 613 2056 666 Nonnisi

219 718 315 770 pro
352 696 468 747 Pini
507 715 623 747 eam
659 696 911 749 varietate
950 696 1337 748 declarantibus
1375 715 1490 746 rem
1524 696 1682 768 longe
1719 695 1872 750 aliter
1900 718 2057 772 appa-

220 802 335 835 rere
362 782 583 849 debere,
621 803 717 856 per
747 803 799 835 se
828 783 1033 834 clarum
1059 813 1126 822 ——-
1152 792 1202 833 et
1228 781 1285 833 id
1311 782 1448 838 valet
1476 791 1524 833 et
1558 782 1756 834 valebit
1792 784 1855 834 de
1889 784 2057 857 pluri-

215 869 315 922 mis
338 870 713 939 varietatibus,
744 869 854 924 ,sint
881 869 1117 942 alpinae,
1169 868 1442 941 aquaticae
1462 905 1479 936 ,
1529 867 1768 919 marinae
1795 888 1845 921 v.
1873 887 2057 921 arena-

211 955 339 1014 riae.
377 956 523 1029 Ergo
553 956 1071 1026 Phytogeograplzia
1106 957 1325 1010 nonnisi
1357 958 1412 1006 in
1450 957 1628 1025 specie
1655 954 2057 1024 phy-sicohisto-

212 1046 333 1098 rica
359 1046 619 1111 objectum
643 1063 797 1095 suum
824 1045 1065 1097 invenire
1085 1053 1282 1112 potest.
1322 1040 1466 1112 Quid
1497 1041 1560 1092 de
1583 1038 1702 1107 hac,
1739 1060 1849 1091 non
1872 1040 2053 1092 minus

212 1127 277 1179 de
305 1128 420 1180 aliis
446 1129 503 1188 in
533 1128 754 1180 historia
784 1127 1017 1183 naturali
1055 1126 1289 1187 fundatis
1320 1125 1550 1177 scientiis
1574 1126 1728 1178 valet.
1774 1127 1863 1179 Sic
1895 1146 1941 1179 e.
1971 1146 2055 1199 gr,

211 1214 573 1287 geographiae
595 1215 899 1288 plantarum
926 1213 1133 1265 fructus
1160 1221 1437 1265 transeunt
1457 1211 1515 1262 in
1537 1212 1899 1263 oeconomiam
1922 1215 2055 1285 ejus·

208 1319 313 1373 que
352 1289 607 1355 diversos'
630 1319 837 1367 ramos,
889 1319 1036 1351 nunc
1082 1318 1374 1371 agrorum,
1421 1296 1733 1364 hortorum,
1780 1298 2054 1369 sylvarum

208 1404 252 1437 e.
282 1406 320 1436 s.
353 1407 404 1458 p.
439 1387 680 1438 culturae
711 1386 960 1458 praesint.
997 1386 1279 1457 Postquam
1322 1383 1466 1434 enim
1501 1382 1743 1435 docuerit
1764 1382 2056 1456 phytogeo-

209 1471 469 1544 graphia,
509 1492 773 1545 quaenam
809 1471 1231 1526 modificationes
1258 1470 1315 1520 in
1345 1470 1587 1536 climate,
1626 1469 1764 1537 solo,
1816 1478 1941 1522 aere
1973 1489 2056 1522 ra-

208 1556 309 1607 diis
338 1557 458 1608 solis
496 1577 540 1609 e.
571 1578 609 1608 S.
643 1578 694 1630 p.
732 1557 1074 1623 radicentur,
1124 1554 1300 1607 studio
1335 1554 1538 1606 imitari
1574 1555 1799 1607 tentabit
1833 1574 2056 1608 oecono-

205 1642 315 1693 mia
345 1652 627 1710 naturam,
665 1653 725 1695 ut
754 1642 949 1693 similia
984 1643 1069 1694 vel
1095 1641 1357 1715 proferat,
1405 1641 1491 1701 vel
1534 1640 1706 1693 evitet.
1754 1640 1874 1692 Jam
1907 1661 2055 1695 nunc

206 1728 380 1801 palato
430 1728 667 1779 diversae
714 1727 954 1779 arrident
989 1727 1224 1796 formae,
1278 1727 1389 1778 sine
1428 1725 1592 1786 dubio
1630 1746 1660 1776 a
1695 1736 1888 1779 natura
1926 1747 2054 1782 casu

203 1813 437 1886 quodam
469 1813 689 1872 fortuito
719 1813 1041 1886 patefactae,
1091 1833 1221 1886 quas
1260 1813 1545 1865 observans
1581 1831 1664 1863 ars
1701 1812 1905 1864 imitata
1936 1812 2052 1865 fue-

203 1909 313 1966 rat,
363 1919 509 1950 nunc
547 1899 894 1950 accelerando
931 1919 1077 1951 nunc
1113 1898 1423 1965 retinendo,
1471 1898 1719 1970 augendo
1754 1898 1841 1949 vel
1876 1898 2053 1949 immi·

201 1984 418 2036 nuendo
453 1977 759 2057 processum
794 1985 1039 2052 vitalem,
1090 1985 1262 2040 solum
1297 1984 1554 2037 mutando
1591 2003 1634 2035 e.
1672 2004 1709 2034 s.
1745 2004 1798 2056 p.
1837 1982 1925 2035 Sic
1955 1984 2054 2057 lip-

200 2070 280 2143 pis
318 2080 475 2143 atque
512 2071 816 2123 tonsoribus
848 2072 958 2142 jam
995 2080 1118 2122 sunt
1152 2070 1455 2121 notissimae
1508 2069 1744 2122 diversae
1788 2066 2053 2122 brassicae

199 2158 500 2224 oleraceae,
553 2156 635 2208 uti
670 2156 739 2210 B.
781 2177 829 2210 0.
866 2157 1137 2225 acephala
1175 2154 1608 2222 (Winterkohl),
1650 2153 1715 2206 Β.
1756 2156 2055 2209 osbullata

198 2241 526 2314 (Wirfing),
563 2241 635 2293 B.
669 2262 717 2294 ο.
749 2241 1089 2311 caalocarpa
1121 2238 1469 2308 (Hohlrabi),
1507 2239 1841 2312 potissimum
1871 2250 2051 2293 autem

188 2331 321 2398 jara
348 2329 505 2391 nobis
533 2347 766 2383 amoena
811 2329 1039 2380 reddens
1074 2326 1150 2387 Β.
1191 2348 1240 2380 o.
1281 2329 1524 2396 capilata
1561 2325 1845 2398 (Happus)
1893 2325 2054 2378 sicuti

196 2413 268 2466 Β.
308 2434 357 2467 ο.
400 2415 648 2481 betrytes
686 2411 1122 2474 (Blumenkohl).
1163 2411 1341 2483 Quem
1371 2411 1547 2464 adhuc
1577 2409 2051 2468 commonefaciam

200 2499 264 2550 de
291 2500 567 2571 Asparago
597 2495 896 2560 officinali?
932 2498 1050 2570 Ego
1077 2507 1254 2553 autem
1293 2497 1617 2567 delicatulis,
1664 2507 1942 2574 postquam
1972 2515 2048 2548 se-

199 2586 333 2653 mel,
384 2604 648 2658 quaenam
684 2583 824 2638 intra
862 2582 1056 2654 speciei
1091 2580 1222 2636 fines
1264 2581 1598 2645 diversorum
1630 2583 1939 2652 influxuum
1974 2601 2050 2632 se-

199 2672 418 2745 quelae,
458 2681 508 2724 et
537 2671 634 2722 sub
664 2670 861 2743 quibus
893 2667 1382 2726 modificationibus
1415 2677 1728 2749 appareant,
1767 2666 2049 2739 cognitum

199 2757 317 2825 erit,
353 2758 616 2829 plantulas
645 2753 907 2828 augurari
933 2754 1122 2820 audeo,
1154 2754 1471 2827 amoenitate
1496 2752 1694 2825 saporis
1725 2752 1826 2803 illis
1852 2751 2047 2804 hucus-

198 2862 303 2915 que
339 2843 397 2893 in
432 2843 610 2893 lucem
645 2861 741 2915 per
777 2850 947 2892 artem
981 2838 1181 2891 vocatis
1220 2859 1328 2890 non
1373 2848 1582 2892 tantum
1629 2838 2044 2910 comparandas,

199 2927 290 2978 sed
317 2947 401 2979 eas
429 2928 531 2979 late
564 2936 917 2999 superaturas.
955 2956 1023 2965 —
1059 2924 1305 2979 Tandem
1339 2943 1447 2974 non
1478 2923 1656 2975 minus
1691 2924 1751 2975 in
1778 2922 2045 2977 medicam

199 3031 346 3080 rem,
396 3033 560 3086 quam
596 3012 653 3063 in
691 3012 902 3064 culinae
939 3010 1144 3063 fructus
1181 3029 1245 3062 ex
1295 3027 1453 3063 verae
1498 3007 1693 3080 speciei
1739 3007 2045 3081 cognitione

202 3107 572 3166 maturescent,
612 3107 661 3150 et
693 3098 907 3164 effectus
929 3097 1165 3168 ejusdem
1194 3093 1388 3169 speciei
1419 3094 1737 3161 varietatum
1765 3094 1824 3145 in
1853 3111 2045 3164 corpus

202 3181 504 3254 humanum
541 3203 649 3235 non
676 3184 806 3234 adeo
844 3183 1075 3234 diversos
1107 3201 1243 3248 esse,
1282 3179 1604 3253 experientia
1635 3179 1862 3232 docebit.
1899 3177 2044 3247 Quid

203 3288 332 3340 ergo
371 3279 421 3321 et
459 3280 587 3342 quot
631 3290 659 3319 a
698 3287 821 3319 vera
866 3265 1373 3340 physicohistoricae
1420 3264 1612 3337 speciei
1654 3261 2043 3317 constructione

202 3354 508 3426 dependeat,
547 3355 654 3425 jam
687 3374 748 3406 ex
766 3372 930 3427 parva
964 3351 1128 3406 hacce
1152 3350 1559 3405 adumbratione
1587 3349 1787 3424 patebit
1816 3357 1867 3401 et
1894 3346 2040 3399 omni
