2127 3775
148 181 215 232 72

146 305 299 357 nulla
338 307 476 358 idea.
523 304 626 354 Sed
672 304 865 372 injuste
914 319 974 350 ex
1018 297 1460 351 Characteristica
1505 297 1815 362 exulantur7
1855 313 1992 368 quae

145 410 253 441 non
289 385 414 443 c⁴um
455 389 586 439 ideis
615 405 730 436 rem
759 383 952 450 habet,
990 384 1079 435 sed
1108 381 1323 433 nonnisi
1356 401 1480 434 cum
1519 381 1858 434 distinctione
1900 381 1989 431 oh-

148 477 427 546 jectorum.
469 474 530 524 Si
540 471 823 541 globulum
855 487 1098 538 quaero,
1138 471 1229 520 σαί
1253 470 1412 536 nigro
1437 488 1550 519 esse
1580 488 1692 520 non
1719 468 1846 518 licet
1863 506 1879 532 7
1920 467 1995 516 ni-

142 579 304 629 grum
333 563 384 611 si
422 561 712 620 invenero,
750 574 861 607 non
906 574 1025 605 esse
1062 555 1388 625 quaesitam,
1428 573 1537 605 non
1581 554 1758 603 minas
1802 570 1992 603 secure

142 649 257 698 scio
276 685 289 710 ‚
327 662 488 715 quam
515 644 566 693 si
591 661 777 693 omnes
807 640 1024 693 colores
1043 678 1058 707 9
1097 642 1258 708 nigro
1290 648 1550 704 excepto,
1589 639 1993 706 quaesivissem.

146 729 314 780 Notae
353 747 481 799 ergo
535 725 693 777 etiam
744 724 1025 797 negativae
1065 723 1122 774 in
1164 722 1496 774 characteres
1536 721 1705 793 recipi
1747 731 1995 794 possunt,

142 814 229 865 sed
260 813 474 864 nonnisi
503 811 561 864 in
599 811 714 862 illos
746 810 1086 883 superiorum
1118 809 1405 861 unitatum.
1455 808 1513 859 In
1544 807 1646 858 illis
1693 807 1994 879 specierum

150 918 433 951 occurrere
460 918 567 950 non
589 908 834 971 possunt,
876 918 1000 950 cum
1041 897 1238 970 species
1274 896 1446 947 nullas
1473 914 1524 945 se
1559 894 1793 947 invicem
1827 893 1999 945 exclu-

143 987 321 1038 dentes
342 985 537 1037 reserat
572 985 847 1058 qualitates
863 1021 877 1050 9
919 1004 981 1034 ex
1003 983 1200 1055 quibus
1234 981 1515 1054 negativae
1538 980 1793 1031 oriuntur
1819 990 1993 1031 notae.

144 1071 235 1122 Sic
260 1091 305 1122 e.
339 1091 391 1142 g.
427 1070 470 1121 si
508 1070 774 1143 quaedam
822 1068 1021 1140 species
1051 1066 1346 1138 insignitur
1390 1065 1531 1116 foliis
1572 1064 1956 1136 vaginantibus
1978 1103 1996 1132 >

144 1157 280 1209 aliae
305 1158 537 1228 ejusdem
571 1156 781 1227 generis
803 1154 963 1206 etiam
981 1150 1179 1203 habere
1202 1152 1290 1202 sed
1322 1161 1371 1202 et
1399 1171 1507 1201 non
1534 1150 1732 1202 hahere
1749 1162 1997 1224 possunt3

148 1262 311 1314 porro
343 1241 611 1292 distinctio
642 1239 836 1312 speciei
866 1258 963 1312 per
991 1258 1166 1290 unum
1207 1259 1256 1291 v.
1283 1237 1464 1309 plures
1507 1236 1783 1308 negativos
1818 1236 2001 1288 chara·

144 1338 307 1379 cteres
334 1345 614 1400 nunquam
652 1345 838 1376 secura
865 1333 1040 1393 esset,
1091 1322 1217 1396 quia
1262 1332 1312 1374 et
1344 1322 1448 1372 alia
1489 1322 1752 1395 quaedam
1792 1321 1991 1393 species

147 1413 409 1485 ejusmodi
451 1412 764 1484 negativum
811 1408 1175 1462 characterem
1217 1407 1459 1482 recipere
1507 1417 1708 1480 posset,
1747 1406 1880 1481 quin
1917 1425 2001 1458 ex:-

144 1500 269 1552 inde
295 1519 393 1572 pro
425 1498 527 1551 alia
563 1496 869 1550 haberetur.

438 1724 487 1783 ξ.
522 1718 619 1777 49.
670 1716 1065 1775 Formatio
1132 1711 1705 1775 characterum.

302 1884 696 1945 Characteres
733 1906 875 1944 cum
906 1883 1027 1942 sint
1059 1887 1344 1954 notiones,
1392 1882 1680 1940 oriuntur
1710 1890 1781 1937 ut
1815 1899 2000 1959 quae-

147 1987 225 2042 vis
257 1980 380 2040 alia
416 1984 593 2042 notio.
642 1980 1108 2039 Individuorum
1151 1982 1400 2038 unitatis
1448 1975 1820 2059 cujusdam,
1854 1995 1998 2054 pro-

145 2079 464 2160 prietateS‚
510 2078 560 2135 si
614 2078 1025 2136 necessarium
1061 2073 1511 2155 perspicuitatis
1558 2071 1816 2152 gradum
1859 2071 1995 2127 atti-

149 2186 403 2254 gerunt,
457 2183 922 2251 comparantur,
969 2192 1308 2230 communes
1336 2174 1700 2251 jungantur
1746 2167 1999 2248 reliquis

149 2293 274 2330 non
305 2268 611 2350 respectis.
655 2266 750 2325 Fit
781 2279 984 2326 autem
1017 2267 1262 2324 initium
1282 2266 1356 2325 ab
1390 2264 1998 2324 zmitatibussummis.

288 2363 634 2414 Characteres
658 2362 1003 2437 superiorum
1038 2361 1313 2413 unitatum
1356 2361 1457 2412 illis
1498 2359 1823 2411 inferiorum
1852 2376 2004 2430 prae-

154 2453 234 2502 ire
266 2452 477 2517 dehent,
504 2448 631 2499 hinc
661 2448 811 2519 prius
842 2446 1082 2499 formari.
1123 2448 1203 2498 Ne
1239 2446 1346 2497 fors
1376 2456 1555 2497 autem
1588 2444 1776 2495 exinde
1796 2453 2000 2495 contra-

152 2538 442 2590 dictionem
471 2533 624 2585 nohis
667 2533 980 2604 exprobres,
1029 2542 1289 2605 quatenus
1327 2531 1385 2582 in
1429 2530 1778 2604 Systematica
1825 2528 2002 2580 unita-

152 2635 229 2676 tes
256 2622 535 2674 inferiores
561 2629 681 2672 ante
709 2618 1009 2692 superiores
1055 2618 1339 2691 productas
1373 2637 1481 2669 esse
1516 2617 1748 2683 debere,
1788 2623 2002 2666 conten-

153 2711 346 2762 dimus.
384 2709 591 2761 Verum
619 2706 865 2773 omnino,
903 2706 1080 2756 ideam
1116 2704 1316 2756 ordinis
1335 2705 1484 2777 prius
1516 2723 1626 2753 non
1655 2700 1855 2751 habere
1886 2719 2002 2772 pos-

155 2818 304 2864 sum,
344 2795 447 2846 nisi
469 2793 632 2846 unius
661 2793 872 2865 generis
902 2793 986 2846 vel
1014 2792 1320 2866 aliquorum
1356 2793 1465 2864 jam
1497 2789 1673 2840 habeo
1707 2797 1757 2840 et
1781 2788 1854 2839 sic
1884 2807 2003 2860 por-

155 2903 233 2935 ro.
280 2882 385 2933 Sed
429 2880 519 2931 hic
561 2880 649 2933 via
686 2879 914 2932 inversa.
969 2876 1201 2930 Classem
1238 2878 1388 2951 prius
1433 2875 1569 2928 scire
1613 2873 1781 2925 debeo
1819 2883 1869 2925 et
1909 2894 2005 2946 per

156 2980 302 3023 notas
331 2966 603 3034 invenire,
641 2965 959 3038 priusquam
987 2964 1231 3015 ordinem
1267 2982 1456 3030 nosco,
1496 2962 1554 3012 in
1586 2980 1746 3033 quem
1773 2958 2002 3028 referem

159 3056 223 3106 da
250 3054 315 3105 sit
343 3053 522 3125 planta
554 3070 596 3102 e.
629 3071 666 3101 s.
698 3072 750 3122 p.
803 3051 1129 3103 Formantur
1157 3060 1337 3102 autem
1376 3046 1722 3100 Characteres
1760 3044 2000 3119 sequenti

161 3140 335 3193 modo.
385 3138 568 3190 Primo
601 3133 819 3203 Classis,
860 3136 929 3195 (si
959 3136 1032 3188 ita
1065 3136 1216 3188 audit
1258 3154 1465 3186 summa
1490 3134 1721 3201 unitas),
1767 3141 1882 3205 post
1926 3149 2004 3180 re-

162 3245 332 3300 gnum
358 3222 636 3294 cujusdam
660 3220 841 3274 omnia
866 3221 1145 3275 individua
1171 3222 1227 3274 in
1256 3242 1380 3273 eum
1421 3219 1798 3293 disquiruntur
1822 3216 2001 3283 finem7

161 3323 220 3366 ut
244 3330 306 3363 ex
332 3307 707 3363 communibus
738 3308 1154 3381 proprietatibus
1185 3307 1516 3362 characteres
1543 3302 1827 3358 necessarii
1856 3302 2003 3352 effor-
