2127 3775
1858 209 1926 260 69

82 335 369 402 imaginem
397 334 675 407 utriusque
711 333 909 405 poteris
942 351 1214 384 reservare
1250 363 1312 370 —-
1352 334 1384 383 i.
1426 353 1470 385 e.
1517 334 1693 385 ideam
1738 335 1926 385 indivi-

82 421 178 471 dai
209 422 536 489 intm'lieam3
577 421 889 492 ubicunque
932 430 1112 471 autem
1155 420 1240 472 vel
1280 441 1308 469 a
1349 439 1400 469 se
1437 419 1700 487 invicem,
1738 421 1821 471 vel
1860 421 1924 469 ab

81 503 197 554 aliis
230 506 448 557 mineris
476 507 632 558 velles
657 509 990 574 distinguere
1008 546 1025 571 ,
1066 525 1228 556 unam
1258 505 1348 557 vel
1367 507 1598 557 alteram
1631 507 1926 557 individuo-

83 607 202 641 rum
246 592 568 660 qualitatum
608 593 758 643 illum
798 595 851 643 in
894 612 1047 643 usum
1095 593 1299 660 eligens
1338 623 1404 630 —
1436 591 1672 662 primum
1712 592 1927 662 jamjam

81 694 145 726 ex
163 677 539 748 Systeinaticae
562 677 846 728 intuitione
872 677 928 726 in
948 676 1423 728 Characteristicae
1453 695 1582 748 opus
1600 715 1614 743 7
1639 695 1829 748 nempe
1855 676 1931 727 di-

83 762 418 814 stinctionem
438 762 624 815 fecisti.
658 782 926 835 gressum,
965 763 1229 813 mineram
1259 782 1366 812 non
1397 763 1623 835 amplius
1651 763 1821 814 solum
1856 766 1931 815 in-

81 850 340 916 luiturus,
379 849 467 900 sed
500 848 657 900 simul
692 868 788 921 per
817 858 966 900 notas
994 851 1355 918 cogitaturus.

158 1078 329 1147 §.45
383 1082 527 1140 Per
579 1082 1083 1143 characteres
1123 1102 1300 1162 ergo
1355 1079 1853 1142 individuum

706 1178 1316 1239 determinatur.

237 1347 512 1407 Dicimus
543 1371 684 1429 ergo
712 1349 868 1407 hanc
889 1348 1111 1406 mentis
1129 1346 1515 1407 functionem
1538 1348 1801 1428 cogitare
1823 1367 1935 1426 per

80 1442 354 1503 notiones
376 1491 389 1516 ‚
434 1467 542 1505 seu
574 1446 754 1504 etiam
785 1442 1195 1502 determinare
1231 1465 1346 1522 per
1380 1445 1674 1504 notiones,
1720 1446 1935 1503 Deter-

81 1542 312 1599 minare
357 1563 499 1599 vero
543 1542 639 1599 vel
681 1540 1050 1621 distinguere
1086 1541 1266 1599 etiam
1317 1553 1406 1601 est
1448 1539 1648 1610 idem,
1694 1553 1754 1597 et
1790 1539 1936 1598 hinc

82 1633 611 1710 Chai-acteristica,
658 1659 811 1720 quae
841 1638 905 1697 id
937 1637 1113 1698 docet
1142 1636 1410 1717 etfacit,
1457 1635 1643 1695 etiam
1668 1636 1936 1715 Diagno-

80 1735 229 1790 Stiecz
269 1730 511 1789 dicitur.

220 1827 310 1876 Illa
340 1827 713 1880 determinatio
745 1838 817 1882 est
848 1830 1061 1884 nonnisi
1088 1829 1398 1882 continuata
1418 1825 1719 1877 subsumtio
1753 1846 1790 1877 s.
1814 1826 1932 1878 sub-

81 1912 348 1965 ordinatio
392 1913 491 1963 sub
534 1914 878 1984 notionibus,
931 1936 959 1967 a
998 1937 1228 1989 quarum
1271 1933 1479 1966 summa
1516 1912 1825 1984 incipienda
1870 1912 1936 1963 ad

82 1998 346 2065 infimam,
381 2009 643 2071 quantum
674 2002 840 2070 valet,
882 2003 1266 2055 descendimus.
1307 2000 1382 2052 Ut
1409 2010 1587 2051 autem
1615 1998 1702 2048 illa
1727 1998 1789 2050 sit
1815 1998 1935 2049 sub·

83 2088 278 2139 sumtio
319 2085 581 2158 possibilis
613 2127 628 2156 9
682 2089 952 2161 objectum
994 2088 1270 2159 singulum
1304 2086 1459 2137 nobis
1495 2084 1794 2136 exhibitum
1830 2103 1936 2135 esse

83 2173 273 2241 debet,
311 2174 395 2225 vel
419 2193 600 2225 omnes
629 2174 749 2225 illae
790 2176 973 2226 saltem
1018 2174 1402 2247 proprietates,
1442 2191 1572 2244 quas
1604 2169 1822 2221 scientia
1853 2190 1936 2221 ex-

83 2259 228 2331 petit.
278 2257 678 2331 Comparantur
710 2270 866 2312 notae
899 2261 1140 2331 singulae
1171 2280 1296 2311 cum
1333 2258 1469 2310 notis
1503 2256 1787 2308 notionum
1818 2254 1938 2306 cha·

86 2345 479 2413 racteristicae5
532 2357 580 2398 et
610 2345 687 2395 illi
732 2346 958 2397 dicimus
997 2345 1205 2397 notioni
1251 2345 1521 2416 objectum
1560 2361 1664 2393 esse
1698 2341 1940 2391 subordi-

89 2432 364 2498 nandum,
403 2434 555 2504 cujus
583 2449 765 2484 omnes
796 2442 952 2486 notae
997 2432 1053 2482 in
1093 2432 1299 2503 objecto
1348 2427 1767 2480 reinveniuntur
1790 2457 1856 2465 —
1888 2435 1939 2479 et

86 2518 463 2570 continuamus
508 2518 661 2570 illum
700 2529 910 2585 actum,
968 2517 1009 2568 si
1051 2527 1204 2568 notae
1240 2515 1544 2581 sufficient,
1583 2513 1650 2564 ad
1691 2512 1937 2564 ultimam

89 2623 258 2676 usque
288 2603 545 2655 unitatem
575 2624 766 2677 nempe
805 2603 1069 2676 speciem>
1111 2622 1247 2676 quae
1295 2612 1365 2654 est
1397 2602 1802 2670 Systemalicae
1825 2601 1938 2668 pri-

87 2709 178 2740 ma
216 2689 417 2757 unitas,
450 2688 579 2740 hinc
618 2689 777 2740 etiam
813 2689 1313 2741 Characterisliccte
1347 2696 1395 2737 et
1438 2704 1584 2735 nunc
1615 2684 1820 2737 dictum
1859 2685 1938 2736 in·

89 2777 374 2829 dividuum
399 2788 679 2850 postquam
707 2778 903 2828 sensim
929 2777 1230 2844 sensimque
1263 2774 1371 2825 sibi
1394 2774 1601 2825 ordinis
1639 2784 1691 2824 et
1718 2774 1937 2842 generis

89 2866 370 2932 cujusdam
407 2884 601 2916 nomen
644 2865 983 2930 imposuerat
1018 2863 1191 2928 ipsum
1217 2899 1233 2924 ,
1297 2867 1559 2930 quatenus
1604 2856 1937 2909 characteres

93 2949 414 3001 necessarios
445 2948 634 3015 habet,
675 2946 833 2999 etiam
877 2944 1106 3017 speciei,
1146 2943 1236 2996 cui
1276 2943 1491 3011 attinet,
1547 2945 1937 2996 denominatio·

92 3054 211 3087 nem
241 3033 343 3084 sibi
388 3034 656 3101 vindicat,
696 3042 745 3086 et
776 3029 1003 3084 dicimus
1029 3030 1161 3084 illud
1195 3030 1527 3085 individuum
1550 3024 1796 3100 perfecte
1823 3048 1937 3081 esse

97 3123 523 3176 determinatum.
