2127 3775
1823 221 1894 253 VH

79 323 254 382 tionis
310 323 711 402 postulatibus
775 339 834 384 et
890 325 1171 385 historiae
1234 328 1520 385 naturalis
1576 326 1739 384 notio
1797 348 1894 385 ex—

74 435 328 515 pleatur.

234 551 368 610 Non
398 550 644 610 defuere
675 553 948 635 quidem,
994 555 1097 636 qui
1128 555 1408 613 historiae
1434 555 1720 614 naturalis
1750 554 1895 613 defi-

75 663 364 722 nitionem
410 666 677 724 stabilire
712 666 1031 748 datamque
1084 669 1364 749 consequi
1414 670 1732 738 tentarint,
1788 671 1893 727 sed

72 774 278 833 nullus
304 775 378 834 de
410 776 510 834 illa
540 798 808 857 unquam
845 777 1002 835 inter
1029 799 1233 836 omncs
1264 800 1584 837 consensus
1620 795 1678 838 ct
1709 781 1894 837 cuivis

75 886 222 967 quid
251 887 415 946 aliud
448 923 524 929 —
554 888 661 945 uni
691 888 939 946 coelitus
967 904 1201 961 evecta,
1244 891 1487 971 penitus
1513 892 1781 970 neglecta
1816 893 1893 949 al-

73 1000 204 1068 teri,
247 1020 369 1055 non
397 998 597 1056 minus
629 999 703 1058 de
728 1000 847 1072 illa,
894 1024 1076 1083 quam
1106 1002 1180 1061 de
1207 1004 1333 1061 aliis
1372 1003 1678 1062 nonnullis
1712 1006 1896 1061 scien-

70 1109 167 1167 tiis
198 1109 382 1168 verba
408 1113 717 1183 valebant,
764 1135 916 1194 quae
945 1113 1020 1173 de
1048 1115 1165 1173 illis
1197 1137 1317 1174 non
1360 1117 1609 1175 ultimus
1652 1117 1897 1176 Germa-

70 1221 201 1279 niae
229 1224 483 1302 scriptor
508 1226 884 1304 protulerat:

0 1372 2 1375 ·
70 1354 260 1406 Einem
291 1356 354 1408 ist
383 1357 456 1407 sie
487 1357 570 1407 die
603 1356 761 1424 hohe,
800 1359 882 1410 die
914 1358 1247 1415 himmlische
1277 1362 1513 1428 Gottinn,
1552 1364 1669 1412 dem
1697 1361 1894 1412 andern

134 1441 267 1492 Eine
293 1442 528 1514 tiichtige
548 1443 678 1494 Ruh
694 1481 709 1511 ,
743 1444 826 1495 die
850 1445 944 1496 ihn
971 1447 1068 1498 mit
1093 1447 1279 1499 Butter
1306 1458 1558 1519 versorgt.

235 1585 353 1645 Sed
384 1586 626 1646 tandem
671 1601 729 1647 et
765 1589 854 1647 illi
896 1590 1000 1648 lux
1029 1591 1252 1649 affulsit
1286 1591 1597 1660 scientiae,
1646 1601 1705 1647 et
1752 1588 1897 1670 quid

65 1700 312 1781 proprie
345 1699 436 1770 sit,
483 1722 602 1781 quo
632 1700 941 1760 tractanda
966 1702 1163 1773 mod0‚
1210 1702 1355 1784 quid
1384 1704 1707 1772 contineat,
1753 1699 1899 1782 quid

66 1833 190 1869 non
211 1857 224 1882 ,
269 1812 508 1869 novitus
541 1810 718 1870 modo
743 1811 1201 1892 inexpugnabili
1229 1813 1488 1871 evictum
1516 1825 1603 1870 est
1628 1833 1737 1891 per
1769 1834 1898 1871 me-

67 1923 335 1985 thodum
360 1928 1055 2004 physz‘colzz‘storz'cam
1077 1972 1094 2002 ,
1142 1924 1318 2005 cujus
1350 1937 1700 1984 coruscante
1738 1944 1895 1992 ense,

69 2037 160 2095 uti
197 2057 572 2116 papaverum
617 2037 811 2115 capita
863 2037 1036 2094 obvia
1095 2050 1444 2115 argumenta
1498 2036 1740 2094 fuerant
1796 2037 1897 2095 de—

68 2171 260 2209 messa
293 2162 352 2207 et
379 2148 746 2206 humivorsa.
790 2147 958 2206 Illius
993 2147 1240 2230 quidem
1268 2148 1539 2208 methodi
1568 2149 1895 2228 principia,

69 2286 241 2344 quae
269 2283 519 2342 negare
539 2273 601 2321 et
617 2282 739 2320 non
758 2264 1123 2339 intelligere
1143 2272 1240 2320 est
1256 2260 1443 2338 idem,
1467 2260 1746 2340 primitus
1765 2259 1896 2340 qui—

70 2374 207 2432 dem
237 2374 300 2431 in
324 2373 712 2452 mineralogia
745 2371 1036 2452 applicata
1064 2371 1335 2442 fuerunt,
1379 2370 1480 2430 sed
1510 2392 1631 2428 non
1657 2391 1766 2449 pro
1795 2370 1895 2427 illa

73 2487 243 2568 quasi
278 2485 454 2543 unice
481 2487 724 2544 inventa
752 2485 956 2544 valent
992 2507 1102 2565 pro
1139 2484 1384 2542 historia
1411 2483 1670 2542 naturali
1700 2483 1762 2539 in
1797 2503 1895 2561 ge—

69 2620 245 2658 nere:
287 2598 388 2669 ita,
440 2611 509 2655 ut
538 2599 715 2656 etiam
751 2597 825 2656 de
871 2599 1119 2657 caeteris
1155 2596 1467 2677 productis
1496 2608 1745 2653 naturae
1774 2617 1890 2653 non

73 2710 331 2790 amplius
369 2712 444 2768 sit
484 2710 787 2791 quaestiO,
831 2733 919 2770 an
947 2711 1067 2769 sint
1106 2710 1207 2768 illa
1234 2709 1562 2789 principia,
1608 2707 1710 2766 sed
1746 2729 1895 2765 non-

72 2823 187 2881 nisi
222 2822 544 2903 quomodo
577 2824 696 2881 sint
739 2824 801 2880 in
842 2823 943 2882 illa
984 2823 1351 2904 applicanda.
1410 2820 1652 2881 Debent
1693 2833 1892 2878 autem

74 2936 360 3017 applicari
397 2958 598 3016 posse,
657 2937 797 3018 quia
839 2936 1018 2996 unioa
1064 2948 1237 3006 sunt,
1294 2933 1406 2992 sub
1465 2935 1685 3015 quibus
1727 2954 1892 2990 mens

76 3048 467 3128 contemplari
495 3051 650 3108 valet
673 3061 982 3120 naturam,
1027 3048 1166 3107 alias
1197 3068 1365 3106 mens
1402 3069 1522 3105 non
1549 3062 1747 3116 mem,
1791 3066 1892 3103 na·

75 3175 212 3221 tura
239 3183 364 3221 non
391 3174 603 3222 natura
634 3184 759 3222 esse
785 3161 1053 3221 deberet.

239 3269 629 3357 llla'quidem
684 3272 959 3336 nonnulli
1006 3270 1343 3333 concedunt
1385 3269 1669 3352 applicari
1720 3291 1888 3349 posse
