2127 3775
1887 216 1955 267 79

111 336 220 386 lum
248 334 520 400 influxum
556 334 756 386 habere
793 355 989 404 posse,
1045 345 1090 386 et
1122 355 1304 386 omnes
1335 334 1462 386 hinc
1494 337 1712 408 regulae
1743 358 1840 409 pro
1873 340 1958 390 de·

110 422 458 472 terminandis
488 421 776 492 generibus
803 431 1026 473 statutae
1060 432 1110 473 et
1146 421 1323 472 adhuc
1356 421 1531 473 forsan
1566 425 1870 474 statuendae
1902 426 1958 476 in

110 506 303 558 suturis
329 519 479 566 (nam
508 529 858 578 quaecunque
878 512 1033 575 prius
1048 519 1340 567 tentantur,
1371 521 1658 577 antequam
1683 509 1959 564 heroicum

107 596 422 660 consilium,
456 596 728 662 princzpia
764 615 883 645 cum
912 597 1292 666 consequentia
1324 596 1639 661 evolvendi,
1679 599 1960 664 capiatur,-

109 692 162 732 et
208 683 356 732 radis
379 683 563 744 potius
586 680 771 741 placet
809 682 1066 747 empiria,
1119 698 1280 751 quam
1333 682 1524 732 stricta
1564 683 1878 746 methodus)
1930 705 1958 733 a

109 765 279 838 priori
306 766 456 838 quasi
487 785 583 836 pro
612 765 893 815 inutilibus
933 765 1192 815 declarari
1223 775 1473 837 possunt,
1526 766 1839 839 priusquam
1875 788 1958 820 ex-

108 851 367 923 perientia
399 850 733 916 refutantur,
771 849 975 900 etiamsi
1009 860 1057 901 et
1081 849 1182 902 hoc
1212 850 1372 901 nimis
1399 870 1551 922 saepe
1586 853 1776 905 evenit.

256 938 377 1007 Quo
404 939 649 988 exactius
676 946 853 986 autem
877 947 927 987 et
950 936 1262 1004 diligentius
1300 947 1584 1006 utrumque
1632 937 1735 990 lzoc
1778 940 1958 992 elabo-

109 1026 322 1076 rabitur
363 1033 560 1091 caput,
599 1042 704 1091 quo
735 1024 953 1090 saepius
991 1024 1046 1073 in
1088 1024 1445 1090 systemalica
1486 1034 1819 1076 rever-temus
1859 1047 1960 1079 nos

107 1111 183 1161 ad
206 1111 452 1161 intuitum
497 1111 533 1159 i.
567 1129 610 1161 e.
655 1110 730 1160 ad
765 1121 1054 1173 naturam3
1106 1110 1160 1159 in
1210 1108 1677 1161 Characterc‘stica
1737 1123 1954 1179 autem,

107 1215 211 1266 quo
239 1197 542 1247 strictiores
581 1198 829 1247 notiones
868 1197 1152 1246 reddemus
1187 1193 1219 1244 i.
1259 1213 1302 1244 e.
1353 1215 1458 1263 quo
1499 1196 1626 1261 plus
1676 1200 1868 1249 mentis
1905 1201 1960 1250 in

105 1282 256 1333 illam
285 1283 680 1348 impendemus,
730 1299 995 1331 memores
1026 1299 1268 1350 semper,
1309 1280 1591 1349 Say-stema,
1645 1302 1807 1348 quam
1836 1304 1962 1353 per-

99 1364 454 1432 fectissimum
484 1379 535 1418 et
561 1368 987 1435 exsertissimum
1031 1365 1525 1419 Characterislicae
1548 1373 1773 1433 praeire
1807 1373 1960 1423 debe-

105 1472 197 1504 re:
233 1455 501 1521 eo-magis
535 1454 813 1520 utriusque
850 1451 1139 1502 harmonia
1169 1453 1410 1518 patebit,
1476 1473 1539 1505 eo
1574 1451 1795 1517 facilius
1851 1477 1962 1509 una

106 1539 269 1589 alleri
299 1541 562 1608 adaptari
591 1540 824 1608 poterit,
880 1539 1072 1588 mentis
1108 1548 1287 1588 autem
1322 1538 1693 1606 postulatibus
1739 1545 1956 1608 penitus

103 1618 333 1687 satisfit,
373 1644 527 1675 nam.-
567 1625 1054 1693 Systematica
1093 1622 1800 1693 naturamjz'deliter
1859 1649 1960 1681 ex·

98 1713 358 1778 primit
410 1729 546 1776 pro
611 1705 994 1778 facultate
1050 1710 1427 1774 intuendi,
1503 1711 1960 1766 Characteri-

103 1799 295 1847 stica
389 1807 621 1847 autem
697 1796 904 1846 illam
953 1791 1316 1863 fideliter
1395 1800 1734 1865 exprimit
1821 1819 1957 1867 pro

104 1894 322 1934 mente
393 1884 773 1950 cogitante
800 1904 815 1934 ε
878 1884 1154 1949 utriusque
1194 1883 1248 1932 in
1289 1901 1453 1933 unum
1484 1902 1588 1951 per
1625 1884 1862 1953 logicam
1910 1896 1964 1937 et

104 1969 575 2020 nomenclaturam
643 1970 866 2022 coalitio
937 1971 1078 2019 sistit
1120 1964 1332 2034 sontem
1386 1972 1759 2039 cognitionum
1831 1989 1959 2023 vere

98 2053 753 2124 physicohzktoricarum,
800 2054 1322 2121 splendidissimum,
1362 2055 1762 2125 largissimum,
1823 2076 1957 2107 nun·

103 2159 265 2207 quam
293 2139 736 2194 exhauriendum.

184 2345 224 2409 §.
269 2339 364 2398 52.
408 2339 624 2398 Unde
670 2338 1404 2399 Characteristicae
1458 2339 1853 2420 perfectio

801 2432 1245 2516 dependeffl

262 2569 502 2631 Gradus
533 2570 921 2650 perfectionis
954 2571 1486 2631 Characteristicae
1525 2569 1834 2652 dependet
1876 2572 1950 2631 ab

101 2668 204 2726 illa
231 2667 596 2746 systematiS,
640 2666 832 2746 hujus
864 2681 1069 2727 autem
1103 2668 1401 2749 perfectio
1439 2689 1470 2725 a
1515 2668 1951 2746 cognitionibus

100 2762 478 2843 singulorum
521 2774 782 2823 naturae
808 2763 1286 2843 productorum,
1330 2765 1538 2845 prouti
1564 2764 1677 2822 hae
1701 2765 1952 2845 perfec-

102 2864 278 2920 tionis
335 2863 695 2933 etvvcritatis
730 2882 1027 2940 majorem
1063 2883 1120 2919 v.
1162 2861 1462 2919 minorem
1513 2859 1773 2941 gradum
1807 2860 1947 2918 atti-

102 2967 325 3035 germt.

240 3092 339 3142 Pro
369 3090 846 3144 Characteristicae
876 3089 1200 3163 perfectione
1221 3090 1432 3142 nullum
1461 3090 1608 3142 aliud
1646 3090 1948 3142 remedium

102 3198 265 3251 quam
293 3190 552 3232 attentum
584 3182 816 3232 studium
860 3188 1109 3231 naturae.
1157 3177 1425 3229 Rationali
1463 3176 1679 3229 nonnisi
1722 3187 1948 3229 naturae

101 3263 277 3315 studio
315 3264 611 3335 systematis
656 3265 885 3318 unitates
926 3263 1160 3316 veriores
1206 3273 1256 3315 et
1300 3262 1563 3314 firmiores
1612 3262 1947 3329 redduntur,

105 3346 451 3400 Characteres
481 3357 659 3401 autem
689 3349 851 3416 aciei,
889 3348 1238 3421 simplicitatis
1264 3358 1313 3400 et
1343 3349 1615 3400 brevitatis
1643 3349 1813 3419 inagis
1839 3368 1946 3398 ma-
