2127 3775
352 665 798 732 Benevole
862 670 1199 732 lector!
1829 694 1930 729 v

50 987 236 1082 Inter
262 1024 419 1098 illas,
468 1047 621 1108 quae
645 1029 931 1110 empiriae
955 1030 1170 1090 vexilla
1198 1043 1556 1113 sequuntur,
1599 1030 1872 1089 scientias

51 1136 300 1196 historia
327 1142 619 1200 naturalis
642 1189 655 1215 ,
713 1143 872 1202 inter
905 1144 1046 1202 alias
1075 1165 1216 1203 vero
1253 1144 1537 1202 mathesis
1571 1163 1715 1223 prae
1748 1139 1876 1197 aliis

52 1251 356 1310 excellunt
380 1254 442 1311 in
478 1277 545 1313 eo
565 1301 578 1326 ‚
636 1267 705 1313 ut
735 1256 808 1312 ab
844 1256 1085 1334 objecto
1117 1278 1223 1314 suo
1256 1257 1609 1335 incipientes
1637 1271 1875 1311 sursum

49 1364 424 1423 ascendendo
463 1367 590 1424 sine
622 1367 786 1426 omni
814 1367 1133 1448 hypothesi
1161 1382 1219 1427 et
1247 1370 1595 1448 exceptione
1628 1368 1879 1425 existere

48 1479 279 1559 possint
307 1491 367 1537 et
395 1479 498 1538 tali
522 1480 700 1560 modo
733 1482 1024 1562 singulari
1060 1481 1391 1540 evidentiae
1419 1492 1478 1538 et
1500 1474 1879 1537 certitudinis

50 1588 264 1668 gradui
301 1592 650 1671 attingendo
677 1593 797 1651 sint
837 1615 1030 1674 pares.
1076 1595 1347 1674 Utraque
1373 1593 1536 1662 hine,
1575 1609 1731 1671 quae
1760 1585 1877 1644 fer-

47 1701 185 1760 vide
219 1702 469 1780 colatur‚
517 1704 694 1784 digna
724 1718 782 1764 et
805 1707 1126 1788 utriusque
1155 1704 1428 1765 studium
1456 1715 1519 1761 et
1546 1712 1880 1760 tractamen

49 1812 272 1893 logicae
295 1813 567 1873 facultati
601 1829 921 1874 strenuum
938 1818 1111 1895 ponit
1137 1817 1507 1885 exercitium,
1536 1813 1638 1872 sed
1667 1813 1729 1870 in
1757 1832 1879 1869 uno

53 1926 306 1984 historia
366 1928 658 1988 naturalis
741 1928 1040 1986 mathesin
1063 1975 1079 2002 ,
1151 1949 1342 2006 eoque
1406 1946 1527 1983 non
1594 1923 1845 1980 minimo
1867 1969 1880 1990 ,

0 2114 5 2134 1
53 2051 312 2121 superat.

0 2192 25 2269 ⁵)
154 2189 161 2194 -
217 2153 286 2210 In
338 2150 774 2209 mathematicis
820 2171 1052 2209 errores
1100 2168 1418 2208 occurrere
1467 2144 1879 2206 mathematici

0 2273 31 2303 '·
55 2287 176 2323 non
206 2276 458 2345 possunt
477 2309 490 2334 ,
533 2263 677 2320 hinc
705 2283 905 2344 neque
934 2260 1195 2320 evitandi
1226 2261 1359 2318 illos
1383 2258 1653 2316 studium
1682 2279 1883 2316 neces—

0 2398 35 2469 }
55 2400 145 2448 se,
190 2376 337 2434 dum
365 2377 542 2455 longe
571 2372 744 2433 aliter
769 2396 897 2433 sese
923 2373 1147 2432 habeat
1174 2392 1270 2430 res
1297 2373 1362 2428 in
1391 2367 1714 2428 tractandis
1743 2389 1883 2448 pro-

0 2469 254 2595 ?ductis
295 2499 562 2546 naturae.
606 2490 715 2546 Hic
755 2508 990 2545 summa
1022 2484 1254 2544 cautela
1287 2505 1437 2562 opus
1467 2494 1572 2551 est,
1616 2481 1689 2538 ab
1722 2480 1884 2538 omni

11 2600 219 2670 ;}enim
258 2612 430 2680 parte
474 2619 711 2657 errores
759 2598 1027 2677 irrepere
1065 2588 1409 2665 minantur,
1465 2593 1842 2672 potissimum
1866 2638 1878 2654 ,

1 2690 108 2779 ξεί
153 2711 463 2793 judicatur
515 2709 850 2771 secundum
906 2709 1276 2789 principium
1329 2704 1769 2773 similitudinis;
1825 2717 1882 2762 ct

0 2807 280 2888 <evitata
310 2838 476 2905 syrte
517 2837 848 2886 occurrunt
877 2824 1128 2905 scopuli.
1188 2820 1306 2882 Sed
1348 2840 1416 2878 eo
1444 2819 1573 2899 ipso
1616 2829 1880 2876 mentem

0 2909 213 3042 {ilaec
275 2939 519 2999 scientia
573 2938 884 2998 attendere
914 2980 921 2988 ·
947 2939 1143 3018 cogit,
1202 2932 1477 2993 intuendi
1532 2929 1881 2989 facultatem

0 3053 334 3125 T‘exercet,
386 3054 767 3134 sagacitatem
811 3050 1080 3132 prolicit,
1133 3047 1488 3111 memoriam
1526 3054 1732 3124 auget,
1783 3039 1884 3121 ju—

10 3118 56 3154 ἢ

0 3194 48 3209 ·-»
66 3169 292 3251 dicium
320 3187 553 3227 summe
582 3166 760 3237 acuit,
803 3186 956 3248 quae
989 3162 1184 3222 officia
1207 3160 1395 3220 menti
1422 3170 1730 3239 praestans
1760 3174 1883 3212 ma-

0 3277 43 3385 }
70 3282 223 3343 thesi
248 3281 427 3341 valde
457 3278 1000 3362 magisadlieiendo
1026 3275 1289 3357 palmam
1323 3275 1515 3352 eripit.

0 3397 32 3440 ⁵>
