<?xml version="1.0" encoding="UTF-8"?>
<!DOCTYPE html PUBLIC "-//W3C//DTD XHTML 1.0 Transitional//EN"
    "http://www.w3.org/TR/xhtml1/DTD/xhtml1-transitional.dtd">
<html xmlns="http://www.w3.org/1999/xhtml" xml:lang="en" lang="en">
 <head>
  <title>
</title>
<meta http-equiv="Content-Type" content="text/html;charset=utf-8" />
  <meta name='ocr-system' content='tesseract 3.04.00' />
  <meta name='ocr-capabilities' content='ocr_page ocr_carea ocr_par ocr_line ocrx_word'/>
</head>
<body>
  <div class='ocr_page' id='page_1' title='image "./dissertatiobotan00helm_0056.png"; bbox 0 0 2127 3775; ppageno 0'>
   <div class='ocr_carea' id='block_1_1' title="bbox 201 285 269 336">
    <p class='ocr_par' dir='ltr' id='par_1_1' title="bbox 201 285 269 336">
     <span class='ocr_line' id='line_1_1' title="bbox 201 285 269 336; baseline -0.015 0"><span class='ocrx_word' id='word_1_1' title='bbox 201 285 269 336; x_wconf 75' lang='lat'>59</span> 
     </span>
    </p>
   </div>
   <div class='ocr_carea' id='block_1_2' title="bbox 188 396 2029 3469">
    <p class='ocr_par' dir='ltr' id='par_1_2' title="bbox 193 396 2029 883">
     <span class='ocr_line' id='line_1_2' title="bbox 199 396 2019 474; baseline -0.005 -16"><span class='ocrx_word' id='word_1_2' title='bbox 199 408 323 459; x_wconf 88' lang='lat' dir='ltr'>inde</span> <span class='ocrx_word' id='word_1_3' title='bbox 350 406 479 459; x_wconf 82' lang='lat' dir='ltr'>ferri</span> <span class='ocrx_word' id='word_1_4' title='bbox 508 405 717 459; x_wconf 86' lang='lat' dir='ltr'>cuidam</span> <span class='ocrx_word' id='word_1_5' title='bbox 746 400 940 474; x_wconf 86' lang='lat' dir='ltr'>speciei</span> <span class='ocrx_word' id='word_1_6' title='bbox 965 401 1048 454; x_wconf 80' lang='lat' dir='ltr'>vel</span> <span class='ocrx_word' id='word_1_7' title='bbox 1095 399 1216 452; x_wconf 83' lang='lat' dir='ltr'>auri</span> <span class='ocrx_word' id='word_1_8' title='bbox 1240 397 1400 450; x_wconf 84' lang='lat' dir='ltr'>affine</span> <span class='ocrx_word' id='word_1_9' title='bbox 1423 417 1461 450; x_wconf 86' lang='lat' dir='ltr'>s.</span> <span class='ocrx_word' id='word_1_10' title='bbox 1490 396 1693 463; x_wconf 86' lang='lat' dir='ltr'>simile,</span> <span class='ocrx_word' id='word_1_11' title='bbox 1731 398 1853 469; x_wconf 87' lang='lat' dir='ltr'>quia</span> <span class='ocrx_word' id='word_1_12' title='bbox 1894 416 2019 449; x_wconf 89' lang='lat' dir='ltr'>cum</span> 
     </span>
     <span class='ocr_line' id='line_1_3' title="bbox 197 482 2022 567; baseline -0.007 -21"><span class='ocrx_word' id='word_1_13' title='bbox 197 504 424 567; x_wconf 86' lang='lat' dir='ltr'>utroque</span> <span class='ocrx_word' id='word_1_14' title='bbox 451 489 831 544; x_wconf 71' lang='lat' dir='ltr'>hexae&#39;dricum</span> <span class='ocrx_word' id='word_1_15' title='bbox 872 497 1098 560; x_wconf 78' lang='lat' dir='ltr'><strong>systema</strong></span> <span class='ocrx_word' id='word_1_16' title='bbox 1140 504 1424 537; x_wconf 89' lang='lat' dir='ltr'>commune</span> <span class='ocrx_word' id='word_1_17' title='bbox 1461 482 1621 535; x_wconf 89' lang='lat' dir='ltr'>habet</span> <span class='ocrx_word' id='word_1_18' title='bbox 1653 483 1737 536; x_wconf 82' lang='lat' dir='ltr'>vel</span> <span class='ocrx_word' id='word_1_19' title='bbox 1772 484 1816 534; x_wconf 90' lang='lat' dir='ltr'>si</span> <span class='ocrx_word' id='word_1_20' title='bbox 1853 484 2022 535; x_wconf 89' lang='lat' dir='ltr'>mine-</span> 
     </span>
     <span class='ocr_line' id='line_1_4' title="bbox 196 570 2029 631; baseline -0.005 0"><span class='ocrx_word' id='word_1_21' title='bbox 196 598 310 631; x_wconf 88' lang='lat' dir='ltr'>ras:</span> <span class='ocrx_word' id='word_1_22' title='bbox 338 574 862 630; x_wconf 71' lang='lat' dir='ltr'>Rhomboe‘idrisclzes</span> <span class='ocrx_word' id='word_1_23' title='bbox 885 574 1144 624; x_wconf 77' lang='lat' dir='ltr'>Eisenerz</span> <span class='ocrx_word' id='word_1_24' title='bbox 1173 580 1224 622; x_wconf 87' lang='lat' dir='ltr'>et</span> <span class='ocrx_word' id='word_1_25' title='bbox 1240 570 1773 622; x_wconf 61' lang='lat' dir='ltr'>Rhomboedrisclzer</span> <span class='ocrx_word' id='word_1_26' title='bbox 1806 570 2029 622; x_wconf 80' lang='lat' dir='ltr'>Corwzd</span> 
     </span>
     <span class='ocr_line' id='line_1_5' title="bbox 193 652 2024 730; baseline -0.004 -16"><span class='ocrx_word' id='word_1_27' title='bbox 193 664 382 715; x_wconf 85' lang='lat' dir='ltr'>exinde</span> <span class='ocrx_word' id='word_1_28' title='bbox 412 659 595 711; x_wconf 87' lang='lat' dir='ltr'>affines</span> <span class='ocrx_word' id='word_1_29' title='bbox 627 660 887 725; x_wconf 92' lang='lat' dir='ltr'>dicerem,</span> <span class='ocrx_word' id='word_1_30' title='bbox 925 657 1050 730; x_wconf 84' lang='lat' dir='ltr'>quia</span> <span class='ocrx_word' id='word_1_31' title='bbox 1079 655 1456 709; x_wconf 74' lang='lat' dir='ltr'>Rhomboe‘dra</span> <span class='ocrx_word' id='word_1_32' title='bbox 1495 652 1691 706; x_wconf 89' lang='lat' dir='ltr'>harum</span> <span class='ocrx_word' id='word_1_33' title='bbox 1723 655 2024 727; x_wconf 80' lang='lat' dir='ltr'>specierum</span> 
     </span>
     <span class='ocr_line' id='line_1_6' title="bbox 195 739 2025 813; baseline -0.003 -14"><span class='ocrx_word' id='word_1_34' title='bbox 195 766 301 799; x_wconf 87' lang='lat' dir='ltr'>sese</span> <span class='ocrx_word' id='word_1_35' title='bbox 334 745 533 797; x_wconf 86' lang='lat' dir='ltr'>habent</span> <span class='ocrx_word' id='word_1_36' title='bbox 561 743 641 797; x_wconf 91' lang='lat' dir='ltr'>uti</span> <span class='ocrx_word' id='word_1_37' title='bbox 666 744 765 795; x_wconf 81' lang='lat'>850</span> <span class='ocrx_word' id='word_1_38' title='bbox 797 743 882 794; x_wconf 67' lang='lat'>581</span> <span class='ocrx_word' id='word_1_39' title='bbox 926 760 1034 792; x_wconf 90' lang='lat' dir='ltr'>sese</span> <span class='ocrx_word' id='word_1_40' title='bbox 1070 740 1271 792; x_wconf 86' lang='lat' dir='ltr'>habent</span> <span class='ocrx_word' id='word_1_41' title='bbox 1309 741 1377 792; x_wconf 87' lang='lat' dir='ltr'>ad</span> <span class='ocrx_word' id='word_1_42' title='bbox 1403 739 1506 792; x_wconf 81' lang='lat'>860</span> <span class='ocrx_word' id='word_1_43' title='bbox 1537 740 1620 807; x_wconf 76' lang='grc' dir='ltr'>δ’,</span> <span class='ocrx_word' id='word_1_44' title='bbox 1660 760 1790 813; x_wconf 88' lang='lat' dir='ltr'>ergo</span> <span class='ocrx_word' id='word_1_45' title='bbox 1834 744 2025 793; x_wconf 88' lang='lat' dir='ltr'>nonni-</span> 
     </span>
     <span class='ocr_line' id='line_1_7' title="bbox 193 829 932 883; baseline -0.005 -1"><span class='ocrx_word' id='word_1_46' title='bbox 193 833 235 883; x_wconf 87' lang='lat' dir='ltr'>si</span> <span class='ocrx_word' id='word_1_47' title='bbox 262 841 378 883; x_wconf 90' lang='lat' dir='ltr'>octo</span> <span class='ocrx_word' id='word_1_48' title='bbox 413 830 634 882; x_wconf 88' lang='lat' dir='ltr'>minutis</span> <span class='ocrx_word' id='word_1_49' title='bbox 674 829 932 880; x_wconf 84' lang='lat' dir='ltr'>differant.</span> 
     </span>
    </p>

    <p class='ocr_par' dir='ltr' id='par_1_3' title="bbox 188 912 2027 3469">
     <span class='ocr_line' id='line_1_8' title="bbox 328 912 2025 987; baseline -0.004 -19"><span class='ocrx_word' id='word_1_50' title='bbox 328 916 676 969; x_wconf 83' lang='lat' dir='ltr'>Refutaturus</span> <span class='ocrx_word' id='word_1_51' title='bbox 717 935 802 965; x_wconf 91' lang='lat' dir='ltr'>me</span> <span class='ocrx_word' id='word_1_52' title='bbox 845 923 1021 966; x_wconf 89' lang='lat' dir='ltr'>autem</span> <span class='ocrx_word' id='word_1_53' title='bbox 1067 913 1173 965; x_wconf 89' lang='lat' dir='ltr'>fors</span> <span class='ocrx_word' id='word_1_54' title='bbox 1218 913 1424 985; x_wconf 82' lang='lat' dir='ltr'>injicies</span> <span class='ocrx_word' id='word_1_55' title='bbox 1454 951 1470 981; x_wconf 90' lang='lat'>,</span> <span class='ocrx_word' id='word_1_56' title='bbox 1523 934 1776 987; x_wconf 87' lang='lat' dir='ltr'>magnam</span> <span class='ocrx_word' id='word_1_57' title='bbox 1814 912 1904 963; x_wconf 81' lang='lat' dir='ltr'>hic</span> <span class='ocrx_word' id='word_1_58' title='bbox 1938 930 2025 962; x_wconf 89' lang='lat' dir='ltr'>me</span> 
     </span>
     <span class='ocr_line' id='line_1_9' title="bbox 191 998 2024 1076; baseline -0.004 -21"><span class='ocrx_word' id='word_1_59' title='bbox 191 1003 596 1076; x_wconf 87' lang='lat' dir='ltr'>praetervidisse</span> <span class='ocrx_word' id='word_1_60' title='bbox 627 1001 997 1052; x_wconf 77' lang='lat' dir='ltr'>differentiam.</span> <span class='ocrx_word' id='word_1_61' title='bbox 1049 1000 1152 1052; x_wconf 87' lang='lat' dir='ltr'>Hic</span> <span class='ocrx_word' id='word_1_62' title='bbox 1185 1000 1401 1051; x_wconf 89' lang='lat' dir='ltr'>nonnisi</span> <span class='ocrx_word' id='word_1_63' title='bbox 1440 1019 1612 1051; x_wconf 89' lang='lat' dir='ltr'>sermo</span> <span class='ocrx_word' id='word_1_64' title='bbox 1642 1010 1718 1052; x_wconf 86' lang='lat' dir='ltr'>est</span> <span class='ocrx_word' id='word_1_65' title='bbox 1759 1000 1822 1050; x_wconf 86' lang='lat' dir='ltr'>de</span> <span class='ocrx_word' id='word_1_66' title='bbox 1856 998 2024 1048; x_wconf 88' lang='lat' dir='ltr'>mine-</span> 
     </span>
     <span class='ocr_line' id='line_1_10' title="bbox 191 1083 2025 1162; baseline -0.003 -22"><span class='ocrx_word' id='word_1_67' title='bbox 191 1090 290 1157; x_wconf 88' lang='lat' dir='ltr'>ris,</span> <span class='ocrx_word' id='word_1_68' title='bbox 328 1090 387 1140; x_wconf 90' lang='lat' dir='ltr'>in</span> <span class='ocrx_word' id='word_1_69' title='bbox 432 1089 626 1162; x_wconf 83' lang='lat' dir='ltr'>quihus</span> <span class='ocrx_word' id='word_1_70' title='bbox 666 1087 1010 1160; x_wconf 78' lang='lat' dir='ltr'>proprietates</span> <span class='ocrx_word' id='word_1_71' title='bbox 1059 1086 1303 1158; x_wconf 73' lang='lat' dir='ltr'>singulae</span> <span class='ocrx_word' id='word_1_72' title='bbox 1347 1086 1413 1136; x_wconf 83' lang='lat' dir='ltr'>ad</span> <span class='ocrx_word' id='word_1_73' title='bbox 1449 1106 1501 1136; x_wconf 88' lang='lat' dir='ltr'>se</span> <span class='ocrx_word' id='word_1_74' title='bbox 1540 1086 1774 1136; x_wconf 82' lang='lat' dir='ltr'>invicem</span> <span class='ocrx_word' id='word_1_75' title='bbox 1816 1083 2025 1136; x_wconf 84' lang='lat' dir='ltr'>relatio-</span> 
     </span>
     <span class='ocr_line' id='line_1_11' title="bbox 191 1169 2024 1242; baseline -0.004 -16"><span class='ocrx_word' id='word_1_76' title='bbox 191 1194 314 1226; x_wconf 87' lang='lat' dir='ltr'>nem</span> <span class='ocrx_word' id='word_1_77' title='bbox 342 1194 450 1225; x_wconf 90' lang='lat' dir='ltr'>non</span> <span class='ocrx_word' id='word_1_78' title='bbox 486 1173 717 1240; x_wconf 85' lang='lat' dir='ltr'>habent,</span> <span class='ocrx_word' id='word_1_79' title='bbox 757 1173 900 1223; x_wconf 82' lang='lat' dir='ltr'>dum·</span> <span class='ocrx_word' id='word_1_80' title='bbox 918 1172 1079 1242; x_wconf 87' lang='lat' dir='ltr'>longe</span> <span class='ocrx_word' id='word_1_81' title='bbox 1107 1171 1259 1223; x_wconf 85' lang='lat' dir='ltr'>aliter</span> <span class='ocrx_word' id='word_1_82' title='bbox 1284 1190 1366 1221; x_wconf 88' lang='lat' dir='ltr'>res</span> <span class='ocrx_word' id='word_1_83' title='bbox 1394 1190 1446 1221; x_wconf 89' lang='lat' dir='ltr'>se</span> <span class='ocrx_word' id='word_1_84' title='bbox 1479 1170 1672 1222; x_wconf 85' lang='lat' dir='ltr'>habeat</span> <span class='ocrx_word' id='word_1_85' title='bbox 1712 1171 1770 1221; x_wconf 93' lang='lat' dir='ltr'>in</span> <span class='ocrx_word' id='word_1_86' title='bbox 1813 1169 2024 1242; x_wconf 87' lang='lat' dir='ltr'>organi-</span> 
     </span>
     <span class='ocr_line' id='line_1_12' title="bbox 192 1255 2025 1332; baseline -0.004 -21"><span class='ocrx_word' id='word_1_87' title='bbox 192 1260 295 1327; x_wconf 86' lang='lat' dir='ltr'>cis,</span> <span class='ocrx_word' id='word_1_88' title='bbox 348 1280 579 1332; x_wconf 82' lang='lat' dir='ltr'>quorum</span> <span class='ocrx_word' id='word_1_89' title='bbox 620 1259 786 1309; x_wconf 90' lang='lat' dir='ltr'>multa</span> <span class='ocrx_word' id='word_1_90' title='bbox 823 1255 927 1306; x_wconf 82' lang='lat' dir='ltr'>sibi</span> <span class='ocrx_word' id='word_1_91' title='bbox 959 1255 1196 1307; x_wconf 88' lang='lat' dir='ltr'>vicissim</span> <span class='ocrx_word' id='word_1_92' title='bbox 1227 1255 1641 1326; x_wconf 84' lang='lat' dir='ltr'>correspondent</span> <span class='ocrx_word' id='word_1_93' title='bbox 1678 1275 1905 1326; x_wconf 85' lang='lat' dir='ltr'>organa,</span> <span class='ocrx_word' id='word_1_94' title='bbox 1953 1255 2025 1305; x_wconf 88' lang='lat' dir='ltr'>ita</span> 
     </span>
     <span class='ocr_line' id='line_1_13' title="bbox 190 1339 2026 1417; baseline -0.005 -19"><span class='ocrx_word' id='word_1_95' title='bbox 190 1357 249 1399; x_wconf 87' lang='lat' dir='ltr'>ut</span> <span class='ocrx_word' id='word_1_96' title='bbox 267 1346 429 1397; x_wconf 90' lang='lat' dir='ltr'>unius</span> <span class='ocrx_word' id='word_1_97' title='bbox 456 1363 706 1417; x_wconf 81' lang='lat' dir='ltr'>persaepe</span> <span class='ocrx_word' id='word_1_98' title='bbox 732 1340 1031 1415; x_wconf 84' lang='lat' dir='ltr'>praesentia</span> <span class='ocrx_word' id='word_1_99' title='bbox 1066 1339 1282 1392; x_wconf 86' lang='lat' dir='ltr'>alterius</span> <span class='ocrx_word' id='word_1_100' title='bbox 1316 1358 1478 1411; x_wconf 86' lang='lat' dir='ltr'>prae·</span> <span class='ocrx_word' id='word_1_101' title='bbox 1506 1341 1590 1392; x_wconf 84' lang='lat' dir='ltr'>vel</span> <span class='ocrx_word' id='word_1_102' title='bbox 1620 1340 1914 1391; x_wconf 71' lang='lat' dir='ltr'>absentiam</span> <span class='ocrx_word' id='word_1_103' title='bbox 1943 1359 2026 1390; x_wconf 82' lang='lat' dir='ltr'>ex-</span> 
     </span>
     <span class='ocr_line' id='line_1_14' title="bbox 190 1425 2025 1503; baseline -0.003 -21"><span class='ocrx_word' id='word_1_104' title='bbox 190 1441 384 1503; x_wconf 87' lang='lat' dir='ltr'>poscat.</span> <span class='ocrx_word' id='word_1_105' title='bbox 422 1432 568 1481; x_wconf 89' lang='lat' dir='ltr'>Haec</span> <span class='ocrx_word' id='word_1_106' title='bbox 606 1428 783 1481; x_wconf 86' lang='lat' dir='ltr'>omnia</span> <span class='ocrx_word' id='word_1_107' title='bbox 811 1427 911 1479; x_wconf 84' lang='lat' dir='ltr'>tibi</span> <span class='ocrx_word' id='word_1_108' title='bbox 943 1425 1202 1492; x_wconf 91' lang='lat' dir='ltr'>concedo,</span> <span class='ocrx_word' id='word_1_109' title='bbox 1239 1425 1602 1497; x_wconf 87' lang='lat' dir='ltr'>pulcherrime</span> <span class='ocrx_word' id='word_1_110' title='bbox 1632 1436 1754 1477; x_wconf 88' lang='lat' dir='ltr'>sunt</span> <span class='ocrx_word' id='word_1_111' title='bbox 1785 1425 1941 1493; x_wconf 89' lang='lat' dir='ltr'>dicta,</span> <span class='ocrx_word' id='word_1_112' title='bbox 1975 1434 2025 1477; x_wconf 84' lang='lat' dir='ltr'>et</span> 
     </span>
     <span class='ocr_line' id='line_1_15' title="bbox 190 1511 2026 1589; baseline -0.003 -22"><span class='ocrx_word' id='word_1_113' title='bbox 190 1518 232 1567; x_wconf 82' lang='lat' dir='ltr'>si</span> <span class='ocrx_word' id='word_1_114' title='bbox 276 1517 395 1568; x_wconf 91' lang='lat' dir='ltr'>illae</span> <span class='ocrx_word' id='word_1_115' title='bbox 425 1516 695 1589; x_wconf 86' lang='lat' dir='ltr'>quondam</span> <span class='ocrx_word' id='word_1_116' title='bbox 738 1513 1019 1565; x_wconf 77' lang='lat' dir='ltr'>relationes</span> <span class='ocrx_word' id='word_1_117' title='bbox 1059 1511 1196 1562; x_wconf 85' lang='lat' dir='ltr'>bene</span> <span class='ocrx_word' id='word_1_118' title='bbox 1240 1511 1520 1578; x_wconf 70' lang='lat' dir='ltr'>collectae,</span> <span class='ocrx_word' id='word_1_119' title='bbox 1573 1521 1623 1562; x_wconf 89' lang='lat' dir='ltr'>et</span> <span class='ocrx_word' id='word_1_120' title='bbox 1659 1511 1724 1560; x_wconf 88' lang='lat' dir='ltr'>ad</span> <span class='ocrx_word' id='word_1_121' title='bbox 1765 1511 2026 1562; x_wconf 88' lang='lat' dir='ltr'>unitatem</span> 
     </span>
     <span class='ocr_line' id='line_1_16' title="bbox 189 1595 2027 1675; baseline -0.004 -22"><span class='ocrx_word' id='word_1_122' title='bbox 189 1601 458 1675; x_wconf 86' lang='lat' dir='ltr'>quandam</span> <span class='ocrx_word' id='word_1_123' title='bbox 488 1601 734 1652; x_wconf 86' lang='lat' dir='ltr'>redactae</span> <span class='ocrx_word' id='word_1_124' title='bbox 768 1609 819 1650; x_wconf 88' lang='lat' dir='ltr'>et</span> <span class='ocrx_word' id='word_1_125' title='bbox 857 1606 979 1668; x_wconf 88' lang='lat' dir='ltr'>apto</span> <span class='ocrx_word' id='word_1_126' title='bbox 1023 1595 1240 1647; x_wconf 88' lang='lat' dir='ltr'>nomine</span> <span class='ocrx_word' id='word_1_127' title='bbox 1272 1595 1557 1667; x_wconf 77' lang='lat' dir='ltr'>insignitae</span> <span class='ocrx_word' id='word_1_128' title='bbox 1595 1606 1780 1663; x_wconf 86' lang='lat' dir='ltr'>erunt,</span> <span class='ocrx_word' id='word_1_129' title='bbox 1817 1596 2027 1647; x_wconf 83' lang='lat' dir='ltr'>uberri-</span> 
     </span>
     <span class='ocr_line' id='line_1_17' title="bbox 189 1679 2026 1754; baseline -0.002 -16"><span class='ocrx_word' id='word_1_130' title='bbox 189 1708 306 1739; x_wconf 89' lang='lat' dir='ltr'>mus</span> <span class='ocrx_word' id='word_1_131' title='bbox 340 1687 464 1738; x_wconf 91' lang='lat' dir='ltr'>inde</span> <span class='ocrx_word' id='word_1_132' title='bbox 508 1685 946 1754; x_wconf 77' lang='lat' dir='ltr'>Terminologiae</span> <span class='ocrx_word' id='word_1_133' title='bbox 980 1693 1029 1734; x_wconf 91' lang='lat' dir='ltr'>et</span> <span class='ocrx_word' id='word_1_134' title='bbox 1067 1682 1561 1735; x_wconf 76' lang='lat' dir='ltr'>Characteristicae</span> <span class='ocrx_word' id='word_1_135' title='bbox 1602 1692 1866 1734; x_wconf 79' lang='lat' dir='ltr'>accrescet</span> <span class='ocrx_word' id='word_1_136' title='bbox 1897 1679 2026 1751; x_wconf 76' lang='lat' dir='ltr'>fra·</span> 
     </span>
     <span class='ocr_line' id='line_1_18' title="bbox 192 1766 2026 1841; baseline -0.005 -14"><span class='ocrx_word' id='word_1_137' title='bbox 192 1786 326 1840; x_wconf 76' lang='lat' dir='ltr'>ctus,</span> <span class='ocrx_word' id='word_1_138' title='bbox 361 1774 817 1841; x_wconf 74' lang='lat' dir='ltr'>sed—nunquam</span> <span class='ocrx_word' id='word_1_139' title='bbox 841 1769 1238 1838; x_wconf 55' lang='lat' dir='ltr'>§ystematz&#39;cae</span> <span class='ocrx_word' id='word_1_140' title='bbox 1261 1775 1336 1833; x_wconf 88' lang='lat' dir='ltr'>et,</span> <span class='ocrx_word' id='word_1_141' title='bbox 1375 1785 1509 1838; x_wconf 83' lang='lat' dir='ltr'>quae</span> <span class='ocrx_word' id='word_1_142' title='bbox 1540 1766 1606 1816; x_wconf 91' lang='lat' dir='ltr'>ad</span> <span class='ocrx_word' id='word_1_143' title='bbox 1638 1786 1753 1817; x_wconf 90' lang='lat' dir='ltr'>eam</span> <span class='ocrx_word' id='word_1_144' title='bbox 1778 1766 2026 1839; x_wconf 81' lang='lat' dir='ltr'>pertinet,</span> 
     </span>
     <span class='ocr_line' id='line_1_19' title="bbox 197 1851 2027 1925; baseline -0.007 -12"><span class='ocrx_word' id='word_1_145' title='bbox 197 1855 633 1925; x_wconf 63' lang='lat' dir='ltr'>Classffi&#39;cationi.</span> <span class='ocrx_word' id='word_1_146' title='bbox 669 1854 985 1906; x_wconf 82' lang='lat' dir='ltr'>Differentia</span> <span class='ocrx_word' id='word_1_147' title='bbox 1028 1852 1247 1904; x_wconf 88' lang='lat' dir='ltr'>omnino</span> <span class='ocrx_word' id='word_1_148' title='bbox 1281 1852 1422 1905; x_wconf 85' lang='lat' dir='ltr'>inter</span> <span class='ocrx_word' id='word_1_149' title='bbox 1459 1852 1689 1903; x_wconf 87' lang='lat' dir='ltr'>mineras</span> <span class='ocrx_word' id='word_1_150' title='bbox 1725 1863 1774 1904; x_wconf 91' lang='lat' dir='ltr'>et</span> <span class='ocrx_word' id='word_1_151' title='bbox 1815 1851 2027 1924; x_wconf 86' lang='lat' dir='ltr'>organi-</span> 
     </span>
     <span class='ocr_line' id='line_1_20' title="bbox 190 1938 2022 2014; baseline -0.005 -16"><span class='ocrx_word' id='word_1_152' title='bbox 190 1966 282 2014; x_wconf 87' lang='lat' dir='ltr'>ca,</span> <span class='ocrx_word' id='word_1_153' title='bbox 321 1945 409 1996; x_wconf 90' lang='lat' dir='ltr'>sed</span> <span class='ocrx_word' id='word_1_154' title='bbox 440 1944 564 1994; x_wconf 91' lang='lat' dir='ltr'>inde</span> <span class='ocrx_word' id='word_1_155' title='bbox 594 1961 703 1992; x_wconf 91' lang='lat' dir='ltr'>non</span> <span class='ocrx_word' id='word_1_156' title='bbox 734 1941 891 1993; x_wconf 88' lang='lat' dir='ltr'>etiam</span> <span class='ocrx_word' id='word_1_157' title='bbox 926 1938 1189 2006; x_wconf 86' lang='lat' dir='ltr'>methodi,</span> <span class='ocrx_word' id='word_1_158' title='bbox 1245 1939 1334 1989; x_wconf 89' lang='lat' dir='ltr'>sed</span> <span class='ocrx_word' id='word_1_159' title='bbox 1366 1939 1582 1990; x_wconf 92' lang='lat' dir='ltr'>nonnisi</span> <span class='ocrx_word' id='word_1_160' title='bbox 1621 1939 2022 2010; x_wconf 81' lang='lat' dir='ltr'>applicationis,</span> 
     </span>
     <span class='ocr_line' id='line_1_21' title="bbox 190 2023 2024 2104; baseline -0.004 -22"><span class='ocrx_word' id='word_1_161' title='bbox 190 2064 256 2072; x_wconf 91' lang='lat'>—</span> <span class='ocrx_word' id='word_1_162' title='bbox 283 2030 552 2104; x_wconf 85' lang='lat' dir='ltr'>principia</span> <span class='ocrx_word' id='word_1_163' title='bbox 596 2027 741 2078; x_wconf 89' lang='lat' dir='ltr'>enim</span> <span class='ocrx_word' id='word_1_164' title='bbox 789 2026 974 2078; x_wconf 87' lang='lat' dir='ltr'>eadem</span> <span class='ocrx_word' id='word_1_165' title='bbox 1009 2045 1106 2098; x_wconf 84' lang='lat' dir='ltr'>pro</span> <span class='ocrx_word' id='word_1_166' title='bbox 1139 2024 1285 2076; x_wconf 91' lang='lat' dir='ltr'>omni</span> <span class='ocrx_word' id='word_1_167' title='bbox 1320 2024 1571 2077; x_wconf 85' lang='lat' dir='ltr'>historica</span> <span class='ocrx_word' id='word_1_168' title='bbox 1607 2023 1840 2075; x_wconf 86' lang='lat' dir='ltr'>natnrali</span> <span class='ocrx_word' id='word_1_169' title='bbox 1871 2056 1938 2062; x_wconf 92' lang='lat'>——</span> <span class='ocrx_word' id='word_1_170' title='bbox 1964 2024 2024 2075; x_wconf 91' lang='lat' dir='ltr'>in</span> 
     </span>
     <span class='ocr_line' id='line_1_22' title="bbox 188 2110 2026 2186; baseline -0.004 -18"><span class='ocrx_word' id='word_1_171' title='bbox 188 2118 277 2168; x_wconf 80' lang='lat' dir='ltr'>illa</span> <span class='ocrx_word' id='word_1_172' title='bbox 308 2127 486 2168; x_wconf 90' lang='lat' dir='ltr'>autem</span> <span class='ocrx_word' id='word_1_173' title='bbox 529 2132 809 2186; x_wconf 85' lang='lat' dir='ltr'>nunquam</span> <span class='ocrx_word' id='word_1_174' title='bbox 840 2130 937 2184; x_wconf 84' lang='lat' dir='ltr'>per</span> <span class='ocrx_word' id='word_1_175' title='bbox 972 2113 1215 2180; x_wconf 75' lang='lat' dir='ltr'>singula,</span> <span class='ocrx_word' id='word_1_176' title='bbox 1253 2111 1343 2160; x_wconf 91' lang='lat' dir='ltr'>sed</span> <span class='ocrx_word' id='word_1_177' title='bbox 1379 2110 1591 2161; x_wconf 86' lang='lat' dir='ltr'>nonnisi</span> <span class='ocrx_word' id='word_1_178' title='bbox 1632 2129 1729 2181; x_wconf 84' lang='lat' dir='ltr'>per</span> <span class='ocrx_word' id='word_1_179' title='bbox 1755 2120 2026 2162; x_wconf 83' lang='lat' dir='ltr'>momenta</span> 
     </span>
     <span class='ocr_line' id='line_1_23' title="bbox 190 2195 2025 2268; baseline -0.004 -15"><span class='ocrx_word' id='word_1_180' title='bbox 190 2202 479 2253; x_wconf 79' lang='lat' dir='ltr'>similitudo</span> <span class='ocrx_word' id='word_1_181' title='bbox 523 2202 643 2251; x_wconf 82' lang='lat' dir='ltr'>sisti</span> <span class='ocrx_word' id='word_1_182' title='bbox 681 2206 863 2268; x_wconf 88' lang='lat' dir='ltr'>potest.</span> <span class='ocrx_word' id='word_1_183' title='bbox 931 2196 1012 2246; x_wconf 89' lang='lat' dir='ltr'>Ne</span> <span class='ocrx_word' id='word_1_184' title='bbox 1053 2205 1231 2246; x_wconf 89' lang='lat' dir='ltr'>autem</span> <span class='ocrx_word' id='word_1_185' title='bbox 1271 2196 1394 2247; x_wconf 91' lang='lat' dir='ltr'>inde</span> <span class='ocrx_word' id='word_1_186' title='bbox 1433 2196 1612 2248; x_wconf 84' lang='lat' dir='ltr'>forsan</span> <span class='ocrx_word' id='word_1_187' title='bbox 1640 2195 1793 2268; x_wconf 82' lang='lat' dir='ltr'>perdi</span> <span class='ocrx_word' id='word_1_188' title='bbox 1823 2196 2025 2268; x_wconf 83' lang='lat' dir='ltr'>aliquid</span> 
     </span>
     <span class='ocr_line' id='line_1_24' title="bbox 194 2281 2027 2355; baseline -0.002 -19"><span class='ocrx_word' id='word_1_189' title='bbox 194 2287 250 2336; x_wconf 87' lang='lat' dir='ltr'>in</span> <span class='ocrx_word' id='word_1_190' title='bbox 280 2284 529 2336; x_wconf 90' lang='lat' dir='ltr'>methodo</span> <span class='ocrx_word' id='word_1_191' title='bbox 561 2281 1039 2355; x_wconf 87' lang='lat' dir='ltr'>physicohistorica</span> <span class='ocrx_word' id='word_1_192' title='bbox 1073 2281 1252 2332; x_wconf 87' lang='lat' dir='ltr'>credas</span> <span class='ocrx_word' id='word_1_193' title='bbox 1275 2319 1292 2349; x_wconf 84' lang='lat'>,</span> <span class='ocrx_word' id='word_1_194' title='bbox 1342 2282 1485 2354; x_wconf 83' lang='lat' dir='ltr'>quod</span> <span class='ocrx_word' id='word_1_195' title='bbox 1528 2292 1744 2333; x_wconf 76' lang='lat' dir='ltr'>veterna</span> <span class='ocrx_word' id='word_1_196' title='bbox 1769 2281 2027 2353; x_wconf 87' lang='lat' dir='ltr'>praestitit</span> 
     </span>
     <span class='ocr_line' id='line_1_25' title="bbox 191 2366 2023 2438; baseline -0.002 -17"><span class='ocrx_word' id='word_1_197' title='bbox 191 2370 414 2423; x_wconf 86' lang='lat' dir='ltr'>historia</span> <span class='ocrx_word' id='word_1_198' title='bbox 446 2368 727 2435; x_wconf 85' lang='lat' dir='ltr'>naturalis,</span> <span class='ocrx_word' id='word_1_199' title='bbox 767 2367 857 2419; x_wconf 88' lang='lat' dir='ltr'>sed</span> <span class='ocrx_word' id='word_1_200' title='bbox 903 2367 1045 2418; x_wconf 89' lang='lat' dir='ltr'>audi.</span> <span class='ocrx_word' id='word_1_201' title='bbox 1083 2366 1203 2418; x_wconf 82' lang='lat' dir='ltr'>Sint</span> <span class='ocrx_word' id='word_1_202' title='bbox 1228 2386 1270 2417; x_wconf 88' lang='lat' dir='ltr'>e.</span> <span class='ocrx_word' id='word_1_203' title='bbox 1303 2387 1355 2438; x_wconf 87' lang='lat' dir='ltr'>g.</span> <span class='ocrx_word' id='word_1_204' title='bbox 1386 2405 1398 2418; x_wconf 89' lang='lat'><strong>.</strong></span> <span class='ocrx_word' id='word_1_205' title='bbox 1430 2406 1442 2417; x_wconf 89' lang='lat'><em>.</em></span> <span class='ocrx_word' id='word_1_206' title='bbox 1479 2405 1492 2418; x_wconf 88' lang='lat'><strong>.</strong></span> <span class='ocrx_word' id='word_1_207' title='bbox 1519 2388 1577 2435; x_wconf 81' lang='lat' dir='ltr'>c3</span> <span class='ocrx_word' id='word_1_208' title='bbox 1617 2369 1681 2434; x_wconf 70' lang='lat' dir='ltr'>d,</span> <span class='ocrx_word' id='word_1_209' title='bbox 1721 2387 1781 2433; x_wconf 70' lang='lat' dir='ltr'>e,</span> <span class='ocrx_word' id='word_1_210' title='bbox 1818 2366 1867 2432; x_wconf 70' lang='lat' dir='ltr'>f,</span> <span class='ocrx_word' id='word_1_211' title='bbox 1909 2406 1920 2418; x_wconf 92' lang='lat'><em>.</em></span> <span class='ocrx_word' id='word_1_212' title='bbox 1958 2405 1972 2418; x_wconf 88' lang='lat'><strong>.</strong></span> <span class='ocrx_word' id='word_1_213' title='bbox 2010 2406 2023 2418; x_wconf 90' lang='lat'><strong>.</strong></span> 
     </span>
     <span class='ocr_line' id='line_1_26' title="bbox 194 2452 2023 2532; baseline -0.005 -21"><span class='ocrx_word' id='word_1_214' title='bbox 194 2459 455 2532; x_wconf 81' lang='lat' dir='ltr'>ejusmodi</span> <span class='ocrx_word' id='word_1_215' title='bbox 481 2457 823 2510; x_wconf 86' lang='lat' dir='ltr'>successionis</span> <span class='ocrx_word' id='word_1_216' title='bbox 857 2476 1119 2530; x_wconf 80' lang='lat' dir='ltr'>generum</span> <span class='ocrx_word' id='word_1_217' title='bbox 1145 2455 1404 2506; x_wconf 85' lang='lat' dir='ltr'>membra.</span> <span class='ocrx_word' id='word_1_218' title='bbox 1445 2453 1630 2506; x_wconf 84' lang='lat' dir='ltr'>Cuivis</span> <span class='ocrx_word' id='word_1_219' title='bbox 1658 2452 1859 2525; x_wconf 84' lang='lat' dir='ltr'>patebit</span> <span class='ocrx_word' id='word_1_220' title='bbox 1895 2471 2023 2524; x_wconf 88' lang='lat' dir='ltr'>erga</span> 
     </span>
     <span class='ocr_line' id='line_1_27' title="bbox 191 2538 2023 2617; baseline -0.004 -22"><span class='ocrx_word' id='word_1_221' title='bbox 191 2565 361 2617; x_wconf 89' lang='lat' dir='ltr'>genus</span> <span class='ocrx_word' id='word_1_222' title='bbox 406 2564 433 2595; x_wconf 93' lang='lat' dir='ltr'>c</span> <span class='ocrx_word' id='word_1_223' title='bbox 474 2563 739 2595; x_wconf 75' lang='lat' dir='ltr'>summum</span> <span class='ocrx_word' id='word_1_224' title='bbox 779 2542 917 2593; x_wconf 86' lang='lat' dir='ltr'>inter</span> <span class='ocrx_word' id='word_1_225' title='bbox 953 2542 1091 2593; x_wconf 90' lang='lat' dir='ltr'>dicta</span> <span class='ocrx_word' id='word_1_226' title='bbox 1135 2560 1332 2612; x_wconf 87' lang='lat' dir='ltr'>genera</span> <span class='ocrx_word' id='word_1_227' title='bbox 1385 2538 1750 2591; x_wconf 89' lang='lat' dir='ltr'>similitudinis</span> <span class='ocrx_word' id='word_1_228' title='bbox 1792 2538 2023 2610; x_wconf 88' lang='lat' dir='ltr'>gradum</span> 
     </span>
     <span class='ocr_line' id='line_1_28' title="bbox 191 2622 2025 2703; baseline -0.004 -23"><span class='ocrx_word' id='word_1_229' title='bbox 191 2648 475 2703; x_wconf 81' lang='lat' dir='ltr'>agnoscere</span> <span class='ocrx_word' id='word_1_230' title='bbox 505 2647 625 2700; x_wconf 85' lang='lat' dir='ltr'>gen.</span> <span class='ocrx_word' id='word_1_231' title='bbox 666 2628 730 2693; x_wconf 88' lang='lat' dir='ltr'>d,</span> <span class='ocrx_word' id='word_1_232' title='bbox 770 2629 1031 2679; x_wconf 82' lang='lat' dir='ltr'>minorem</span> <span class='ocrx_word' id='word_1_233' title='bbox 1061 2628 1169 2696; x_wconf 89' lang='lat' dir='ltr'>jam</span> <span class='ocrx_word' id='word_1_234' title='bbox 1198 2643 1317 2695; x_wconf 88' lang='lat' dir='ltr'>gen.</span> <span class='ocrx_word' id='word_1_235' title='bbox 1352 2644 1406 2691; x_wconf 91' lang='lat' dir='ltr'>e,</span> <span class='ocrx_word' id='word_1_236' title='bbox 1446 2635 1495 2675; x_wconf 90' lang='lat' dir='ltr'>et</span> <span class='ocrx_word' id='word_1_237' title='bbox 1520 2628 1791 2676; x_wconf 77' lang='lat' dir='ltr'>minimum</span> <span class='ocrx_word' id='word_1_238' title='bbox 1821 2642 1942 2694; x_wconf 86' lang='lat' dir='ltr'>gen.</span> <span class='ocrx_word' id='word_1_239' title='bbox 1973 2622 2025 2691; x_wconf 81' lang='lat' dir='ltr'>f3</span> 
     </span>
     <span class='ocr_line' id='line_1_29' title="bbox 190 2709 2021 2786; baseline -0.003 -20"><span class='ocrx_word' id='word_1_240' title='bbox 190 2714 292 2766; x_wconf 92' lang='lat' dir='ltr'>hoc</span> <span class='ocrx_word' id='word_1_241' title='bbox 329 2725 507 2766; x_wconf 89' lang='lat' dir='ltr'>autem</span> <span class='ocrx_word' id='word_1_242' title='bbox 553 2732 672 2786; x_wconf 87' lang='lat' dir='ltr'>gen.</span> <span class='ocrx_word' id='word_1_243' title='bbox 700 2712 730 2762; x_wconf 92' lang='lat' dir='ltr'><strong>f</strong></span> <span class='ocrx_word' id='word_1_244' title='bbox 747 2713 967 2764; x_wconf 79' lang='lat' dir='ltr'>similius</span> <span class='ocrx_word' id='word_1_245' title='bbox 998 2710 1181 2783; x_wconf 81' lang='lat' dir='ltr'>generi</span> <span class='ocrx_word' id='word_1_246' title='bbox 1219 2730 1245 2760; x_wconf 89' lang='lat' dir='ltr'>e</span> <span class='ocrx_word' id='word_1_247' title='bbox 1272 2730 1430 2782; x_wconf 86' lang='lat' dir='ltr'>quam</span> <span class='ocrx_word' id='word_1_248' title='bbox 1459 2711 1644 2783; x_wconf 81' lang='lat' dir='ltr'>generi</span> <span class='ocrx_word' id='word_1_249' title='bbox 1677 2710 1740 2776; x_wconf 90' lang='lat' dir='ltr'>d,</span> <span class='ocrx_word' id='word_1_250' title='bbox 1779 2709 1901 2761; x_wconf 76' lang='lat' dir='ltr'>huic</span> <span class='ocrx_word' id='word_1_251' title='bbox 1929 2728 2021 2760; x_wconf 86' lang='lat' dir='ltr'>au-</span> 
     </span>
     <span class='ocr_line' id='line_1_30' title="bbox 192 2794 2021 2869; baseline -0.004 -16"><span class='ocrx_word' id='word_1_252' title='bbox 192 2812 301 2853; x_wconf 90' lang='lat' dir='ltr'>tem</span> <span class='ocrx_word' id='word_1_253' title='bbox 315 2801 538 2853; x_wconf 78' lang='lat' dir='ltr'>similias</span> <span class='ocrx_word' id='word_1_254' title='bbox 563 2808 757 2864; x_wconf 86' lang='lat' dir='ltr'>tamen,</span> <span class='ocrx_word' id='word_1_255' title='bbox 787 2817 946 2869; x_wconf 87' lang='lat' dir='ltr'>quam</span> <span class='ocrx_word' id='word_1_256' title='bbox 966 2795 1150 2869; x_wconf 83' lang='lat' dir='ltr'>generi</span> <span class='ocrx_word' id='word_1_257' title='bbox 1183 2816 1242 2863; x_wconf 86' lang='lat' dir='ltr'>c,</span> <span class='ocrx_word' id='word_1_258' title='bbox 1282 2816 1341 2863; x_wconf 90' lang='lat' dir='ltr'>e,</span> <span class='ocrx_word' id='word_1_259' title='bbox 1379 2817 1415 2847; x_wconf 90' lang='lat' dir='ltr'>s.</span> <span class='ocrx_word' id='word_1_260' title='bbox 1445 2816 1496 2867; x_wconf 87' lang='lat' dir='ltr'>p.</span> <span class='ocrx_word' id='word_1_261' title='bbox 1537 2794 2021 2866; x_wconf 56' lang='lat' dir='ltr'>Supponamuszin-</span> 
     </span>
     <span class='ocr_line' id='line_1_31' title="bbox 195 2878 2022 2958; baseline -0.004 -22"><span class='ocrx_word' id='word_1_262' title='bbox 195 2905 386 2958; x_wconf 84' lang='lat' dir='ltr'>super,</span> <span class='ocrx_word' id='word_1_263' title='bbox 424 2885 571 2935; x_wconf 85' lang='lat' dir='ltr'>illam</span> <span class='ocrx_word' id='word_1_264' title='bbox 610 2883 763 2933; x_wconf 90' lang='lat' dir='ltr'>seriei</span> <span class='ocrx_word' id='word_1_265' title='bbox 789 2881 1079 2933; x_wconf 80' lang='lat' dir='ltr'>exhibitam</span> <span class='ocrx_word' id='word_1_266' title='bbox 1108 2892 1314 2953; x_wconf 84' lang='lat' dir='ltr'>partem</span> <span class='ocrx_word' id='word_1_267' title='bbox 1344 2881 1513 2931; x_wconf 88' lang='lat' dir='ltr'>nullos</span> <span class='ocrx_word' id='word_1_268' title='bbox 1546 2900 1606 2930; x_wconf 77' lang='lat' dir='ltr'>ex</span> <span class='ocrx_word' id='word_1_269' title='bbox 1634 2880 1858 2952; x_wconf 83' lang='lat' dir='ltr'>empiria</span> <span class='ocrx_word' id='word_1_270' title='bbox 1887 2878 2022 2930; x_wconf 89' lang='lat' dir='ltr'>defe-</span> 
     </span>
     <span class='ocr_line' id='line_1_32' title="bbox 193 2963 2022 3042; baseline -0.003 -20"><span class='ocrx_word' id='word_1_271' title='bbox 193 2981 283 3023; x_wconf 85' lang='lat' dir='ltr'>ctu</span> <span class='ocrx_word' id='word_1_272' title='bbox 317 2970 516 3021; x_wconf 88' lang='lat' dir='ltr'>habere</span> <span class='ocrx_word' id='word_1_273' title='bbox 548 2989 807 3042; x_wconf 79' lang='lat' dir='ltr'>generum</span> <span class='ocrx_word' id='word_1_274' title='bbox 838 2966 1087 3033; x_wconf 85' lang='lat' dir='ltr'>defectus,</span> <span class='ocrx_word' id='word_1_275' title='bbox 1125 2967 1196 3017; x_wconf 80' lang='lat' dir='ltr'>ita</span> <span class='ocrx_word' id='word_1_276' title='bbox 1225 2975 1287 3017; x_wconf 89' lang='lat' dir='ltr'>ut</span> <span class='ocrx_word' id='word_1_277' title='bbox 1292 2963 1425 3036; x_wconf 83' lang='lat' dir='ltr'>fere</span> <span class='ocrx_word' id='word_1_278' title='bbox 1455 2966 1707 3032; x_wconf 75' lang='lat' dir='ltr'>aequalis</span> <span class='ocrx_word' id='word_1_279' title='bbox 1719 2968 1932 3034; x_wconf 75' lang='lat' dir='ltr'>gradus</span> <span class='ocrx_word' id='word_1_280' title='bbox 1953 2968 2022 3016; x_wconf 81' lang='lat' dir='ltr'>si-</span> 
     </span>
     <span class='ocr_line' id='line_1_33' title="bbox 192 3049 2020 3126; baseline -0.004 -19"><span class='ocrx_word' id='word_1_281' title='bbox 192 3056 502 3110; x_wconf 79' lang='lat' dir='ltr'>militudinis</span> <span class='ocrx_word' id='word_1_282' title='bbox 538 3054 675 3105; x_wconf 85' lang='lat' dir='ltr'>inter</span> <span class='ocrx_word' id='word_1_283' title='bbox 702 3054 909 3126; x_wconf 84' lang='lat' dir='ltr'>singula</span> <span class='ocrx_word' id='word_1_284' title='bbox 940 3071 1135 3124; x_wconf 87' lang='lat' dir='ltr'>genera</span> <span class='ocrx_word' id='word_1_285' title='bbox 1161 3049 1400 3123; x_wconf 81' lang='lat' dir='ltr'>proxima</span> <span class='ocrx_word' id='word_1_286' title='bbox 1432 3049 1617 3116; x_wconf 82' lang='lat' dir='ltr'>valeat,</span> <span class='ocrx_word' id='word_1_287' title='bbox 1646 3049 1717 3100; x_wconf 91' lang='lat' dir='ltr'>ita</span> <span class='ocrx_word' id='word_1_288' title='bbox 1758 3059 1820 3101; x_wconf 91' lang='lat' dir='ltr'>ut</span> <span class='ocrx_word' id='word_1_289' title='bbox 1845 3049 2020 3100; x_wconf 91' lang='lat' dir='ltr'>dicere</span> 
     </span>
     <span class='ocr_line' id='line_1_34' title="bbox 193 3136 2019 3208; baseline -0.004 -16"><span class='ocrx_word' id='word_1_290' title='bbox 193 3141 433 3192; x_wconf 75' lang='lat' dir='ltr'>licueritz</span> <span class='ocrx_word' id='word_1_291' title='bbox 470 3141 632 3192; x_wconf 74' lang='lat' dir='ltr'>habet</span> <span class='ocrx_word' id='word_1_292' title='bbox 665 3159 779 3191; x_wconf 82' lang='lat' dir='ltr'>sese</span> <span class='ocrx_word' id='word_1_293' title='bbox 814 3158 936 3208; x_wconf 78' lang='lat' dir='ltr'>gen.</span> <span class='ocrx_word' id='word_1_294' title='bbox 966 3161 993 3192; x_wconf 87' lang='lat' dir='ltr'>c</span> <span class='ocrx_word' id='word_1_295' title='bbox 1023 3140 1099 3188; x_wconf 82' lang='lat' dir='ltr'>ad</span> <span class='ocrx_word' id='word_1_296' title='bbox 1118 3154 1244 3207; x_wconf 56' lang='lat' dir='ltr'>gen·</span> <span class='ocrx_word' id='word_1_297' title='bbox 1276 3136 1314 3185; x_wconf 90' lang='lat' dir='ltr'>d</span> <span class='ocrx_word' id='word_1_298' title='bbox 1349 3136 1428 3185; x_wconf 76' lang='lat' dir='ltr'>uti</span> <span class='ocrx_word' id='word_1_299' title='bbox 1460 3153 1584 3204; x_wconf 75' lang='lat' dir='ltr'>gen.</span> <span class='ocrx_word' id='word_1_300' title='bbox 1625 3137 1677 3187; x_wconf 86' lang='lat' dir='ltr'>d.</span> <span class='ocrx_word' id='word_1_301' title='bbox 1726 3136 1802 3185; x_wconf 83' lang='lat' dir='ltr'>ad</span> <span class='ocrx_word' id='word_1_302' title='bbox 1829 3152 1952 3202; x_wconf 80' lang='lat' dir='ltr'>gen.</span> <span class='ocrx_word' id='word_1_303' title='bbox 1990 3153 2019 3185; x_wconf 88' lang='lat' dir='ltr'>e</span> 
     </span>
     <span class='ocr_line' id='line_1_35' title="bbox 194 3215 2013 3298; baseline -0.006 -21"><span class='ocrx_word' id='word_1_304' title='bbox 194 3244 238 3277; x_wconf 83' lang='lat' dir='ltr'>e.</span> <span class='ocrx_word' id='word_1_305' title='bbox 256 3246 294 3276; x_wconf 86' lang='lat' dir='ltr'>s.</span> <span class='ocrx_word' id='word_1_306' title='bbox 324 3246 375 3297; x_wconf 88' lang='lat' dir='ltr'>p.</span> <span class='ocrx_word' id='word_1_307' title='bbox 393 3245 570 3277; x_wconf 89' lang='lat' dir='ltr'>nonne</span> <span class='ocrx_word' id='word_1_308' title='bbox 597 3224 953 3298; x_wconf 82' lang='lat' dir='ltr'>quodcunque</span> <span class='ocrx_word' id='word_1_309' title='bbox 970 3223 1148 3275; x_wconf 84' lang='lat' dir='ltr'>forsan</span> <span class='ocrx_word' id='word_1_310' title='bbox 1174 3222 1231 3272; x_wconf 89' lang='lat' dir='ltr'>in</span> <span class='ocrx_word' id='word_1_311' title='bbox 1257 3228 1363 3271; x_wconf 86' lang='lat' dir='ltr'>toto</span> <span class='ocrx_word' id='word_1_312' title='bbox 1379 3237 1549 3291; x_wconf 90' lang='lat' dir='ltr'>regno</span> <span class='ocrx_word' id='word_1_313' title='bbox 1567 3218 1741 3291; x_wconf 83' lang='lat' dir='ltr'>quoad</span> <span class='ocrx_word' id='word_1_314' title='bbox 1769 3215 2013 3267; x_wconf 87' lang='lat' dir='ltr'>similitu·</span> 
     </span>
     <span class='ocr_line' id='line_1_36' title="bbox 190 3302 2014 3383; baseline -0.005 -22"><span class='ocrx_word' id='word_1_315' title='bbox 190 3310 368 3361; x_wconf 87' lang='lat' dir='ltr'>dinem</span> <span class='ocrx_word' id='word_1_316' title='bbox 388 3311 860 3383; x_wconf 84' lang='lat' dir='ltr'>qualiumcumque</span> <span class='ocrx_word' id='word_1_317' title='bbox 883 3328 1141 3381; x_wconf 82' lang='lat' dir='ltr'>generum</span> <span class='ocrx_word' id='word_1_318' title='bbox 1164 3305 1356 3358; x_wconf 88' lang='lat' dir='ltr'>rescire</span> <span class='ocrx_word' id='word_1_319' title='bbox 1379 3305 1505 3357; x_wconf 82' lang='lat' dir='ltr'>velis</span> <span class='ocrx_word' id='word_1_320' title='bbox 1523 3335 1588 3344; x_wconf 82' lang='lat'>—-</span> <span class='ocrx_word' id='word_1_321' title='bbox 1616 3304 1788 3357; x_wconf 87' lang='lat' dir='ltr'>statim</span> <span class='ocrx_word' id='word_1_322' title='bbox 1805 3323 1866 3353; x_wconf 84' lang='lat' dir='ltr'>ex</span> <span class='ocrx_word' id='word_1_323' title='bbox 1880 3302 2014 3375; x_wconf 68' lang='lat' dir='ltr'>loco²</span> 
     </span>
     <span class='ocr_line' id='line_1_37' title="bbox 189 3387 2013 3469; baseline -0.005 -21"><span class='ocrx_word' id='word_1_324' title='bbox 189 3415 345 3468; x_wconf 83' lang='lat' dir='ltr'>quem</span> <span class='ocrx_word' id='word_1_325' title='bbox 374 3416 542 3467; x_wconf 83' lang='lat' dir='ltr'>genus</span> <span class='ocrx_word' id='word_1_326' title='bbox 573 3405 824 3469; x_wconf 86' lang='lat' dir='ltr'>occupat,</span> <span class='ocrx_word' id='word_1_327' title='bbox 856 3394 1105 3448; x_wconf 82' lang='lat' dir='ltr'>citissime</span> <span class='ocrx_word' id='word_1_328' title='bbox 1150 3403 1199 3448; x_wconf 86' lang='lat' dir='ltr'>et</span> <span class='ocrx_word' id='word_1_329' title='bbox 1225 3391 1560 3445; x_wconf 84' lang='lat' dir='ltr'>securissime</span> <span class='ocrx_word' id='word_1_330' title='bbox 1597 3387 2013 3462; x_wconf 73' lang='lat' dir='ltr'>comprehendiS,</span> 
     </span>
    </p>
   </div>
  </div>
 </body>
</html>
