2127 3775
1837 257 1907 310 49

217 376 497 429 Rationem
537 377 793 429 ordinum
827 376 893 429 ad
932 396 1127 450 genera
1171 397 1277 429 non
1310 377 1498 430 melius
1539 388 1589 432 et
1618 381 1798 431 verius
1824 401 1907 432 ex-

76 461 310 534 primere
351 483 629 535 possumus
658 501 672 530 >
735 484 896 539 quam
944 464 1173 517 dicentes
1222 464 1332 515 illas
1372 485 1579 534 genera
1627 482 1905 536 generum.

78 546 369 600 Methodus
399 551 512 603 illos
536 550 869 622 producendi
901 551 1111 618 eadem,
1150 561 1206 602 ut
1233 571 1457 622 genera,
1497 563 1545 602 et
1571 551 1705 603 nihil
1735 553 1792 604 in
1826 572 1907 604 eo-

79 653 203 684 rum
241 635 355 686 idea
385 647 692 688 contentum
731 657 836 688 esse
864 648 1056 709 potest,
1096 637 1236 709 quod
1281 658 1387 689 non
1423 639 1582 688 simul
1619 649 1692 691 est
1727 639 1781 689 in
1821 658 1908 710 gc·

79 722 316 774 neribus.
367 723 552 796 Neque
597 724 806 775 ordines
847 724 1162 775 divisionem
1203 723 1478 776 admittere
1517 724 1599 776 vel
1631 744 1725 797 per
1765 725 1908 775 illam

82 808 302 862 formari
328 830 478 883 posse
494 848 510 878 9
548 830 644 883 per
673 831 726 862 se
759 811 978 862 clarum.

649 1027 1361 1097 §.30.ClassiS.

240 1160 487 1221 Gradus
523 1165 735 1220 tertius
765 1161 1178 1220 similitudinis
1207 1162 1778 1242 physicohistoricae
1811 1165 1915 1225 de-

82 1257 217 1316 finit
264 1258 562 1316 unitatem
611 1257 1050 1335 systematicam
1099 1260 1338 1315 tertiam
1389 1281 1569 1338 supra
1619 1263 1916 1340 speciem,

82 1375 239 1435 quae
292 1354 517 1411 dicitur
569 1352 785 1410 classis.
860 1353 968 1410 Est
1008 1372 1149 1429 ergo
1204 1354 1554 1432 complexus
1593 1356 1915 1428 ordinum,

81 1450 196 1508 hoc
231 1448 643 1519 similitudinis
676 1445 870 1526 gradu
903 1447 1066 1506 inter
1097 1467 1158 1503 se
1192 1445 1571 1524 junctorum.

220 1544 299 1594 Ex
337 1542 522 1594 ordine
567 1540 776 1608 classis,
823 1539 905 1592 uti
944 1559 1006 1591 ex
1030 1559 1226 1612 genere
1271 1542 1402 1591 ordo
1433 1574 1500 1581 ——
1531 1554 1606 1596 est
1628 1544 1801 1596 classis
1829 1566 1920 1616 ge·

80 1649 180 1681 nus
213 1632 477 1681 ordinum.
516 1627 696 1698 lN‘lajor
720 1625 809 1677 hic
837 1628 946 1696 jam
971 1626 1216 1676 idearum
1243 1645 1499 1678 numerus
1528 1638 1576 1680 et
1605 1630 1754 1681 valde
1782 1652 1921 1683 com-

83 1713 260 1764 munis
292 1713 408 1763 idea
439 1713 631 1764 classis.
665 1712 805 1762 Hinc
833 1710 1043 1762 ordines
1067 1710 1403 1783 potissimum
1427 1711 1461 1762 i.
1481 1732 1523 1764 e.
1557 1732 1742 1766 eorum
1772 1717 1922 1768 ideae

82 1800 218 1851 bene
261 1809 381 1850 ante
424 1799 602 1850 oculos
630 1797 939 1864 habendae,
993 1817 1104 1849 non
1150 1797 1330 1848 minus
1373 1817 1532 1870 quam
1576 1819 1837 1870 generum
1874 1813 1923 1855 et

82 1885 412 1959 specierum,
452 1885 650 1957 quibus
680 1882 1018 1955 componitur
1050 1882 1210 1949 ordo,
1247 1882 1413 1934 ideae.

222 1972 407 2044 Neque
440 1971 625 2021 classes
666 1969 922 2021 divisione
965 1968 1186 2020 formari
1224 1988 1403 2040 posse,
1444 1988 1505 2020 ex
1545 1971 1724 2022 multis
1761 1974 1922 2025 dicto·

85 2076 208 2109 rum
238 2058 303 2109 ad
334 2057 586 2108 amussim
620 2056 788 2108 cuivis
807 2094 822 2123 >
863 2054 955 2128 qui
980 2058 1092 2107 sine
1110 2056 1447 2123 praejudicio
1479 2066 1669 2109 cuncta
1697 2078 1920 2131 perpen-

86 2143 252 2210 derit>
289 2143 504 2215 patebit.
542 2143 608 2194 Et
637 2142 739 2195 sint
760 2141 1067 2194 verissimae
1113 2139 1290 2190 forsan
1321 2138 1604 2193 divisiones
1648 2144 1704 2195 in
1732 2145 1922 2197 Blono-

85 2229 289 2302 petala,
341 2229 673 2301 Polypetala,
726 2225 1269 2297 lVIonochlamydeas,
1309 2225 1640 2300 Hypogynas
1681 2241 1776 2282 etc.
1812 2233 1920 2303 jam

88 2314 277 2366 exinde
305 2314 462 2366 falsae
490 2324 627 2382 sunt,
658 2314 782 2387 quia
815 2316 1077 2366 divisione
1101 2312 1390 2385 productae
1420 2325 1540 2365 sunt
1557 2351 1572 2381 >
1612 2324 1661 2366 et
1687 2316 1812 2388 quia
1840 2338 1922 2370 su-

88 2399 268 2473 perior
292 2400 440 2471 prius
469 2399 788 2472 supponitur
816 2399 1019 2467 unitas,
1056 2399 1368 2471 priusquam
1407 2400 1616 2450 ordines
1645 2400 1748 2453 sint
1781 2421 1924 2453 crea-

92 2487 152 2543 ti.
189 2485 412 2536 Etiamsi
438 2486 576 2539 intra
612 2487 765 2538 talem
790 2485 1106 2537 divisionem
1149 2485 1441 2537 similitudo
1473 2506 1579 2537 non
1623 2488 1753 2539 adeo
1787 2489 1921 2539 male

92 2571 388 2623 honoratur
418 2609 434 2638 9
488 2582 663 2623 tamen
699 2571 796 2623 ubi
840 2572 1087 2624 transitus
1122 2571 1537 2623 similitudinum
1581 2573 1648 2624 ab
1700 2594 1809 2626 una
1855 2575 1920 2625 ad

93 2660 313 2711 alteram
339 2657 634 2730 expetitur,
671 2658 760 2709 illa
805 2678 911 2709 non
945 2658 1156 2726 transit,
1209 2659 1290 2711 uti
1323 2669 1499 2712 tamen
1541 2659 1599 2710 in
1639 2658 1921 2711 ordinibus

95 2745 233 2797 veris
269 2744 561 2815 systematis
594 2742 1056 2815 physicohistorici
1088 2744 1291 2799 adverti
1330 2764 1479 2819 posse
1519 2744 1701 2813 debet,
1760 2746 1921 2819 quad-

96 2841 320 2883 antenus
349 2831 404 2882 id
434 2830 757 2904 experientia
786 2828 1040 2882 concedit.

481 3056 533 3116 ς.
568 3049 658 3107 31.
704 3048 1048 3128 Regnum
1093 3045 1559 3128 vegetabile.

258 3183 389 3241 Jam
420 3197 591 3243 antea
610 3184 974 3255 monuimus,
1017 3205 1141 3242 non
1174 3181 1420 3265 quidem
1438 3182 1764 3262 praesagiri
1787 3203 1923 3262 pos-

107 3299 167 3337 se
187 3324 201 3350 ,
245 3293 395 3361 quot
429 3281 690 3340 unitates
730 3281 806 3338 sit
834 3291 1231 3339 numeratura
1261 3280 1349 3338 rei
1377 3278 1692 3338 herbariae
1733 3300 1924 3360 quon-

111 3372 244 3432 dam
273 3376 517 3435 scientia
548 3397 729 3457 supra
760 3376 1020 3457 speciem
1041 3405 1116 3418 —-
1146 3387 1206 3434 et
1246 3375 1484 3434 nonnisi
1512 3374 1660 3456 quid
1703 3373 1817 3432 sub
1851 3373 1923 3432 il-

1569 3467 1603 3518 4
