2127 3775
199 211 267 262 70

279 413 327 472 ς.
365 407 457 464 46.
502 401 1023 460 Characteres
1078 410 1154 457 et
1199 407 1437 457 notae
1479 396 1958 455 characteri-

979 505 1252 552 stlcae.

352 633 495 694 Illae
550 634 845 703 notiones,
903 650 1051 713 quas
1096 625 1334 711 profert
1383 626 1916 698 Characteristica‚
1968 638 2038 685 ut

197 731 438 790 illarum
489 750 604 810 ope
647 727 949 810 producta
993 737 1248 785 naturae
1296 723 1786 784 determinentur
1840 736 1901 782 et
1950 723 2036 781 di-

195 827 622 906 stinguantur,
673 823 1098 883 Characteres:
1150 820 1472 903 qualitates
1512 831 1716 878 autem
1750 819 2040 901 physico-

196 923 550 1000 historicae,
630 920 858 1002 quibus
899 931 1384 999 componuntur,
1451 927 1631 974 notae
1681 915 2043 975 characteri-

195 1022 380 1077 sticae
419 1029 733 1077 vocantur.

331 1113 445 1164 Illas
468 1111 709 1164 notiones
744 1108 1198 1162 characteristicas
1229 1108 1506 1182 qualitates
1535 1128 1643 1159 esse
1682 1108 1874 1160 dehere
1907 1106 2043 1180 phy-

194 1198 612 1266 sicohistoricas,
651 1206 702 1248 et
730 1196 858 1247 alias
898 1215 1006 1248 esse
1042 1215 1153 1247 non
1172 1202 1369 1267 posse,
1418 1193 1812 1266 consequentia⁴
1830 1193 2042 1265 expetit.

197 1284 541 1336 Characteres
573 1282 718 1334 enim
747 1282 1122 1335 reinveniendi
1153 1302 1263 1333 esse
1296 1281 1491 1333 debent
1531 1280 1589 1330 in
1621 1280 1869 1351 objectis,
1908 1299 2044 1352 quae

194 1387 291 1441 per
317 1368 432 1420 illos
464 1367 904 1420 determinentur.
943 1366 1196 1419 Infimum
1229 1377 1409 1419 autem
1437 1367 1538 1419 tale
1570 1366 1839 1438 objectum
1873 1374 1948 1416 est
1967 1364 2047 1415 in-

196 1454 484 1506 dividuum
521 1455 731 1528 ipsum,
785 1454 937 1525 cujus
977 1452 1095 1504 idea
1139 1453 1392 1505 intuitiva
1425 1462 1499 1504 est
1537 1451 1657 1502 idea
1706 1449 2047 1517 immediata,
2119 1492 2123 1494 μ

197 1561 333 1615 quae
365 1540 503 1592 nihil
540 1541 689 1591 aliud
717 1539 985 1609 continet,
1024 1560 1186 1613 quam
1224 1539 1502 1612 qualitates
1544 1534 2048 1611 physicohistoricas

192 1639 242 1681 et
264 1647 360 1701 per
384 1628 497 1678 illas
523 1626 870 1679 individuum
892 1627 1140 1696 perfecte
1175 1629 1590 1679 determz'nalam
1619 1634 1710 1676 est.

330 1712 767 1784 Quotiescunque
795 1730 924 1765 vero
960 1731 1022 1762 ex
1063 1711 1289 1784 singulis
1325 1710 1524 1761 harum
1565 1709 1839 1762 individui
1881 1708 2048 1782 quali-

191 1798 389 1850 tatibus
419 1801 670 1850 notiones
700 1797 863 1869 hujus
893 1797 1165 1849 individui
1194 1796 1524 1863 formentur,
1559 1796 1616 1847 in
1649 1797 1761 1867 ejus
1788 1798 1910 1849 idea
1938 1802 2047 1845 om'-

198 1903 289 1935 nes
308 1883 726 1936 reinveniendae
755 1893 904 1950 sunt,
944 1903 1084 1955 qaae
1115 1895 1195 1935 est
1218 1886 1380 1952 quasi
1404 1883 1856 1952 qualiumcunque
1884 1883 1949 1933 de
1976 1884 2052 1933 in-

197 1971 419 2021 dividuo
443 1969 787 2039 possibilium
822 1970 1106 2020 notionum
1134 1969 1347 2035 junctio
1378 1997 1447 2005 —-
1471 1965 1580 2018 huc
1615 1965 1773 2017 etiam
1809 1965 2052 2018 derivan-

193 2054 357 2121 dum,
396 2054 541 2126 quod
571 2053 691 2103 idea
728 2053 982 2104 intuitiva
1026 2062 1077 2103 et
1120 2053 1269 2103 notio
1307 2052 1365 2102 in
1394 2051 1679 2103 individuo
1710 2039 2049 2120 coincidant,

193 2141 266 2192 ita
297 2149 360 2190 ut
385 2158 559 2191 unum
586 2155 685 2209 pro
710 2138 876 2188 altero
908 2136 1039 2208 poni
1065 2136 1241 2208 possit.
1295 2138 1354 2188 In
1381 2140 1605 2190 notione
1640 2147 1819 2189 autem
1857 2140 2048 2190 indivi-

196 2227 292 2276 dui
317 2223 477 2275 simul
499 2226 649 2276 notio
675 2221 949 2294 proximae
974 2221 1195 2274 unitatis
1222 2241 1416 2293 nempe
1441 2223 1644 2289 speciei
1671 2232 1916 2273 contenta
1942 2241 2050 2273 esse

195 2308 380 2375 dehet,
418 2306 475 2357 in
506 2307 661 2374 hujus
691 2315 870 2358 autem
897 2306 1113 2358 notione
1143 2307 1232 2357 illa
1260 2310 1480 2376 generis
1508 2306 1665 2359 debet
1692 2326 1799 2358 esse
1832 2316 2047 2358 conten-

199 2405 246 2446 ta
276 2413 318 2445 e.
347 2414 386 2444 s,
417 2413 468 2464 p.
507 2391 579 2444 ita
611 2401 672 2443 ut
712 2394 963 2444 notiones
996 2394 1221 2459 speciei,
1258 2393 1478 2461 generis
1510 2412 1552 2443 e.
1597 2413 1635 2443 s,
1668 2412 1719 2464 p.
1766 2391 1824 2442 in
1858 2395 2050 2445 indivi-

199 2482 294 2532 dm·
318 2481 539 2531 notione
563 2487 851 2529 contentae
878 2495 984 2527 esse
1015 2477 1243 2528 debeant
1258 2513 1274 2543 ,
1315 2486 1365 2528 et
1390 2475 1530 2527 nihil
1555 2476 1684 2529 hinc
1712 2477 1771 2528 in
1797 2477 1899 2528 illis
1925 2497 2049 2529 con-

198 2575 402 2617 tentum
435 2582 540 2614 esse
568 2561 760 2635 possit,
799 2562 943 2634 quod
970 2581 1080 2613 non
1112 2560 1285 2613 fuerat
1311 2561 1369 2612 in
1402 2561 1502 2614 hac
1528 2563 1799 2616 individui
1827 2563 2045 2616 notione

204 2659 534 2702 contentum.
553 2646 840 2699 Notionem
859 2656 1037 2698 autem
1053 2645 1322 2699 individui
1341 2647 1554 2698 nonnisi
1573 2668 1635 2698 ex
1647 2650 2050 2718 physicohisto-

201 2737 328 2788 ricis
349 2733 698 2808 qualitatibus
733 2737 1091 2805 compositam
1126 2755 1240 2787 esse
1264 2755 1459 2804 posse,
1499 2754 1658 2807 supra
1697 2737 2040 2806 ostendimus,

203 2841 331 2895 ergo
366 2820 523 2873 etiam
552 2820 793 2873 notiones
821 2820 1086 2872 dictarum
1122 2820 1394 2872 unitatum
1427 2821 1566 2872 nihil
1592 2841 1701 2873 non
1731 2823 2045 2893 physicolzi-

201 2909 395 2959 sloricz‘
439 2905 713 2957 continere
760 2915 993 2978 possunt.
1051 2906 1165 2956 Hae
1207 2906 1447 2958 notiones
1487 2915 1665 2957 autem
1691 2944 1708 2975 ,
1779 2907 1822 2961 si
1865 2908 2044 2960 distin-

205 3002 398 3065 guunt,
430 2992 799 3057 characteres,
831 2990 1106 3064 qualitates
1123 3001 1318 3055 autem,
1348 3008 1482 3063 quae
1500 3002 1846 3063 componunt,
1884 3004 2046 3046 notae

208 3081 459 3130 dicuutur
487 3076 999 3145 characteristicae,
1039 3096 1168 3149 ergo
1202 3076 1361 3129 etiam
1402 3075 1733 3130 characteres
1772 3077 2042 3130 unitatum

204 3162 418 3214 nonnisi
434 3181 494 3212 ex
509 3160 851 3233 qualitatibus
865 3160 1352 3234 physicohistoricis
1377 3172 1616 3215 constare
1645 3172 1880 3237 possunt.
1914 3160 2040 3231 Qui-

205 3265 416 3320 cunque
438 3264 567 3318 ergo
588 3246 847 3314 concedit,
886 3250 1221 3300 individuum
1244 3265 1347 3314 per
1372 3267 1502 3300 suas
1523 3253 1892 3318 proprietates
1905 3246 2045 3315 phy-

205 3335 610 3389 se'cokistoricas
637 3335 706 3386 ab
735 3335 980 3387 omnibus
1006 3331 1250 3403 perfecte
1279 3345 1329 3386 et
1368 3352 1558 3386 secure
1587 3336 1847 3404 dzlrlinguz‘
1879 3352 2043 3400 posse
