2127 3775
1819 237 1869 267 IX

52 358 319 426 negatur.
362 348 456 406 Sic
483 346 553 404 cl.
588 348 816 424 Voigt:
854 343 980 401 ”Bis
1008 344 1118 402 wir
1144 342 1312 401 nicht
1335 340 1447 400 mit
1475 340 1593 398 den
1622 342 1870 398 Worten

61 460 316 531 ”Classe‚
387 459 681 537 Ordnung
704 505 717 528 ,
770 456 1164 526 Gesehleeht,
1213 452 1324 512 Art
1377 453 1719 513 bestimmte
1763 451 1874 507 Be-

61 572 258 650 ”griffc
294 569 638 640 verbinden,
673 569 825 628 wird
853 570 955 627 das
988 565 1441 627 Schwanlzende
1474 566 1534 622 in
1561 563 1668 621 der
1701 564 1873 618 Bota-

61 684 195 742 »nih
225 684 393 742 nieht
423 682 721 740 aufhoren
753 705 814 740 u.
846 706 888 739 s.
924 704 1028 739 w.«
1076 683 1154 739 Et
1183 678 1592 757 argutissimus
1615 680 1691 734 de
1714 675 1874 734 Can-

51 795 290 856 (lollius
325 819 363 854 a
403 799 555 855 veris
592 795 1031 876 cognitionibus
1071 791 1614 873 physicohistorieis
1647 801 1705 846 et
1735 788 1874 844 alias

50 908 270 966 multas
314 907 386 965 de
428 909 647 986 plantis
687 907 1027 988 dependere
1069 904 1463 987 sequentibus
1505 901 1630 960 fere
1677 900 1876 957 effert:

61 1018 182 1078 ”An
216 1020 563 1099 plantarum
601 1021 758 1080 bona
794 1020 1095 1101 possibilis
1128 1020 1243 1078 erit
1279 1016 1610 1084 anatomia,
1662 1012 1711 1069 si
1756 1032 1878 1067 non

62 1131 229 1189 ”illae
255 1132 620 1212 junguntur,
653 1134 811 1192 inter
849 1156 995 1216 quas
1023 1152 1196 1191 verae
1230 1124 1579 1188 relationes?
1620 1121 1712 1181 An
1738 1121 1883 1178 seie-

60 1260 223 1301 ”mus
244 1290 256 1313 ,
300 1244 376 1301 ad
408 1245 570 1326 quod
602 1268 793 1325 usque
831 1258 1131 1324 punctum
1163 1240 1610 1301 observationes
1645 1234 1880 1316 physio-

62 1355 313 1434 ”logieae
346 1357 650 1436 generales
696 1370 877 1414 erunt
907 1353 1343 1424 instituendae,
1387 1354 1434 1410 si
1462 1348 1614 1408 illud
1641 1369 1759 1404 non
1793 1346 1882 1402 in-

61 1465 326 1526 ”dicatur
355 1492 467 1548 per
495 1469 1004 1528 elassificationem
1033 1469 1097 1525 in
1124 1466 1380 1525 familias
1407 1460 1746 1522 naturales?
1788 1458 1884 1516 An

62 1581 379 1659 ”possibile
409 1585 551 1655 erit,
594 1583 862 1642 stabilire
889 1601 1107 1661 genera
1140 1601 1311 1654 vera,
1358 1579 1421 1635 in
1442 1576 1642 1635 medio
1672 1593 1885 1631 nume-

63 1709 368 1753 ”rosarum
400 1699 821 1777 exceptionum
853 1695 1124 1754 omnium
1154 1692 1601 1757 characterum,
1646 1682 1887 1767 quando

65 1822 545 1886 '‘compara11mS‚
606 1832 759 1892 quae
804 1833 927 1868 non
968 1818 1108 1866 sunt
1153 1824 1358 1862 revera
1400 1797 1880 1880 comparabilia«

62 1916 187 1981 »An
219 1923 422 1980 stricta
461 1945 730 2004 unquam
766 1923 879 1980 erit
909 1917 1372 1980 Nomenelatura
1400 1914 1528 1972 sine
1561 1923 1761 1970 exacta
1789 1931 1889 1966 en-

72 2032 256 2090 ”tium
274 2033 561 2092 similium
585 2032 1026 2112 comparatione
1056 2050 1103 2086 e.
1125 2051 1167 2085 s.
1186 2049 1274 2107 p.«
1298 2061 1373 2072 --
1389 2026 1727 2083 Firmorum
1752 2019 1892 2077 hinc

61 2144 177 2202 illis
241 2146 681 2225 principiorum
741 2142 1044 2202 defectum
1120 2162 1243 2198 non
1301 2136 1666 2218 negantibus
1687 2180 1700 2204 ,
1773 2154 1893 2214 qua

64 2280 275 2317 meam
307 2262 459 2318 hinc
494 2262 860 2338 opinionem
898 2254 1175 2336 proferre
1223 2274 1404 2313 ausus
1442 2272 1608 2319 sum,
1660 2271 1734 2306 an
1772 2268 1892 2304 non

67 2369 267 2428 forsan
313 2394 422 2451 per
473 2370 934 2451 applicationem
993 2365 1265 2426 methodi
1323 2360 1889 2445 physieohistoricae

68 2484 342 2542 botanica
373 2486 608 2544 evenire
638 2495 871 2565 posset,
913 2479 1079 2563 quod
1107 2492 1308 2537 tamen
1339 2476 1583 2558 proprie
1621 2494 1746 2531 esse
1792 2469 1894 2528 de-

67 2598 240 2656 beret
277 2619 497 2677 nempe
544 2602 832 2660 historia
881 2593 1345 2675 vegetabilium
1386 2587 1729 2651 naturalis.
1782 2594 1894 2644 At-

75 2722 286 2771 tentos
319 2714 474 2771 hinc
501 2709 762 2770 reddere
793 2712 1053 2770 nonnisi
1088 2712 1154 2768 in
1199 2702 1574 2766 methodum
1604 2702 1896 2781 phrsieo·

76 2827 467 2884 historicam
497 2826 862 2892 botanicm,
907 2818 1176 2902 efferre,
1224 2839 1386 2898 qnae
1415 2814 1531 2875 illa
1558 2823 1745 2893 petat
1774 2831 1901 2869 me-

79 2934 324 2996 thodus
354 2948 752 3017 comparata
784 2956 932 2996 cam
958 2932 1298 2994 hodiedum
1333 2931 1797 3009 regnantibus,
1844 2935 1901 2983 et

81 3054 442 3120 ostendere,
497 3072 542 3131 p
562 3070 740 3110 osse
799 3048 1138 3127 applicari
1178 3042 1354 3104 illam
1402 3045 1780 3103 methodum
1838 3041 1899 3097 in

80 3171 350 3245 plantas
380 3176 441 3225 et
464 3167 616 3226 hinc
650 3167 969 3225 debere:
1003 3163 1188 3223 unici
1207 3157 1413 3238 hujus
1445 3155 1904 3216 dissertatiun-

87 3277 463 3359 calccefines
489 3290 699 3339 erant.
739 3275 938 3355 Objici
970 3274 1115 3334 mihi
1149 3296 1346 3355 posse,
1390 3272 1631 3332 omnino
1659 3267 1902 3350 quidem
