2127 3775
172 203 242 251 68

174 326 491 393 intentione,
531 337 590 377 ut
618 325 909 395 imaginem
941 334 1103 376 totam
1134 323 1272 376 hanc
1303 324 1561 376 familiam
1604 324 1756 396 quasi
1799 341 2005 395 reprae-

175 423 466 465 sentantem
497 410 772 484 producat.
823 411 1117 480 Qualitates
1158 431 1266 461 non
1310 421 1624 462 memoratas
1668 409 1905 480 designet
1941 406 2008 459 ad

171 499 418 563 lihitum,
458 498 589 547 illae
613 508 791 546 autem
820 498 995 547 dictae
1035 508 1200 549 nolae
1240 516 1421 549 omnes
1450 494 1863 548 reinveniendae
1901 512 2008 544 esse

173 585 378 634 dehent.
417 580 583 632 Valde
615 590 791 632 autem
823 581 1070 653 possibile
1101 581 1218 649 erit,
1254 582 1400 632 illam
1423 582 1659 654 plantam
1693 579 2008 630 delineatam

171 688 349 720 omnes
377 666 663 738 superioris
691 665 1012 718 definitionis
1035 667 1235 718 referre
1268 678 1441 736 notas,
1481 669 1569 719 sed
1597 668 1782 718 eodem
1811 675 2009 736 tempo-

173 776 227 805 re
251 753 501 805 omnibus
520 752 826 805 Gentianeis
860 772 964 803 esse
993 755 1413 805 dissimillimam.
1444 785 1511 793 —
1529 755 1671 806 Vera
1689 764 1864 804 autem
1887 753 2009 802 idea

171 841 447 912 cujusdam
473 839 667 911 objecti
688 848 865 890 tamen
891 859 1167 911 nunquam
1199 838 1326 889 huic
1358 838 1459 910 ipsi
1492 839 1698 910 objecto
1739 837 2011 890 dissimilis

171 948 287 978 csse
306 936 505 998 potest,
546 935 594 976 et
616 924 747 975 haec
777 924 834 974 in
865 922 1046 975 charta
1079 924 1352 995 designata
1382 925 1560 996 planta
1597 926 1870 976 notionem
1896 920 2011 994 qui-

171 1015 291 1064 dem
309 1013 728 1064 Gentianearum
756 1012 808 1061 in
826 1030 882 1061 se
904 1013 1170 1077 conlinet,
1210 1010 1298 1059 sed
1329 1030 1436 1060 non
1469 1010 1655 1061 exinde
1676 1013 1794 1077 jam
1816 1010 2010 1060 ideam.

168 1098 399 1150 Evidens
445 1106 827 1168 argumentum
856 1108 872 1162 5
922 1095 1065 1167 quod
1109 1096 1569 1148 Clzaracleristica
1605 1115 1879 1168 nunquam
1909 1096 2012 1163 Sy-

171 1187 485 1236 slemalicae
519 1185 661 1234 vices
693 1181 913 1249 explere
929 1184 1135 1249 possit,
1177 1182 1362 1232 eodem
1394 1201 1522 1233 vero
1553 1180 1711 1231 simul
1743 1191 2010 1252 tempore,

170 1272 357 1338 qaod
389 1269 802 1320 similitudo
838 1267 1516 1337 physicolzistorica
1551 1286 1678 1338 per
1713 1267 2010 1335 singula

169 1366 515 1407 momenta
567 1373 918 1423 nunquam
975 1349 1277 1421 definiri
1337 1356 1580 1424 possit
1643 1355 1677 1406 i.
1731 1372 1774 1405 e.
1822 1353 2015 1421 quod

169 1441 436 1493 nullum
473 1443 584 1492 sai
617 1443 1239 1493 constructionem
1278 1442 1626 1492 admittat.

307 1526 410 1576 Res
436 1546 564 1577 vero
591 1527 749 1577 nimis
766 1528 952 1599 magni
969 1537 1041 1578 est
1067 1527 1342 1593 momenti,
1375 1546 1535 1598 quam
1554 1544 1687 1597 quae
1718 1544 1825 1576 non
1842 1544 2013 1575 exem-

168 1611 254 1683 pla
292 1610 467 1662 adhuc
511 1623 810 1680 mereatur,
850 1632 985 1686 quae
1018 1612 1196 1664 forsan
1233 1612 1407 1663 adhuc
1438 1611 1662 1663 clariora
1675 1648 1690 1677 9
1730 1611 1855 1684 quia
1893 1611 2012 1662 sim-

167 1697 406 1768 pliciora.
448 1695 661 1769 Cogites
694 1698 793 1750 tibi
823 1698 1087 1749 mineram
1114 1698 1364 1771 ponderis
1399 1694 1633 1770 specifici
1668 1696 1815 1748 illam
1842 1716 2011 1770 aquae

167 1780 354 1851 septies
380 1780 707 1851 superantis,
745 1781 803 1831 in
835 1781 1074 1833 methodi
1111 1792 1290 1833 autem
1325 1780 1833 1854 physicohistoricae
1875 1782 2010 1833 scala

169 1865 388 1915 duritiei
421 1865 785 1928 (H'arteslzala)
831 1867 1061 1938 gradum
1093 1868 1378 1940 septimum
1421 1878 1809 1934 resumentem,
1847 1867 1920 1919 ita
1951 1878 2012 1918 ut

166 1951 231 2003 sit
281 1951 427 2002 notio
473 1950 634 2025 hujus
706 1954 944 2005 minerae
989 1975 1241 2027 sequens:
1307 1956 1474 2007 Pond.
1510 1976 1653 2024 spec.
1683 1955 1854 2023 =-73
1921 1956 2012 2005 da-

170 2040 258 2091 rit.
283 2059 352 2084 =
381 2041 427 2090 7.
477 2038 634 2089 Duae
674 2039 887 2090 nonnisi
926 2050 1080 2092 notae
1093 2078 1109 2107 9
1162 2040 1308 2091 notio
1342 2039 1530 2090 exinde
1565 2038 1716 2088 valde
1762 2038 2009 2110 simplex,

165 2142 262 2194 per
293 2143 486 2195 quam,
536 2124 956 2196 quotiescunque
988 2124 1119 2176 haec
1163 2125 1371 2174 minera
1408 2124 1508 2175 tibi
1545 2134 1822 2191 occurret,
1861 2134 1920 2176 tu
1951 2124 2013 2173 il-

166 2209 273 2258 lam
305 2209 370 2260 ab
403 2210 653 2261 omnibus
679 2211 897 2283 reliquis
932 2211 1255 2263 exactissime
1283 2211 1544 2262 discernes
1556 2248 1571 2277 9
1611 2211 1744 2283 quin
1772 2229 2009 2282 unquam

168 2304 320 2346 antea
351 2296 578 2347 noveris.
628 2297 823 2366 Qualis
851 2309 1030 2349 autem
1059 2308 1150 2348 ίιια
1183 2300 1284 2349 erit
1304 2299 1455 2363 idea,
1488 2318 1590 2365 per
1620 2298 1747 2349 illas
1788 2298 1885 2347 tibi
1917 2316 2010 2347 no-

169 2392 253 2431 las
281 2379 476 2433 mota?
518 2380 827 2449 Mehercle>
865 2381 956 2431 illa
1000 2381 1219 2454 pinguis
1268 2403 1376 2434 non
1421 2382 1521 2434 erit
1552 2414 1619 2421 —-
1649 2391 1698 2432 et
1731 2379 1901 2431 nihilo
1937 2389 2011 2431 ta-

166 2484 290 2515 men
307 2465 484 2516 minus
505 2464 848 2517 Characteres
877 2476 998 2518 sunt
1031 2469 1231 2535 optimi,
1271 2467 1398 2538 quia
1432 2470 1632 2539 optime
1657 2467 2006 2537 distinguunt.

167 2550 443 2620 Tandem,
481 2562 543 2605 ut
579 2552 750 2624 magis
789 2550 964 2602 adhuc
1015 2571 1203 2602 arcum
1236 2552 1479 2619 tendam,
1521 2553 1716 2624 cogites
1747 2551 2009 2602 mineram

165 2638 262 2688 sal)
299 2634 500 2705 forma
555 2639 805 2703 regulari
854 2649 1210 2706 apparentem
1237 2677 1252 2701 ‚
1321 2641 1468 2703 cujas
1515 2640 1686 2706 pond.
1739 2657 1817 2706 sp.
1850 2657 1919 2682 =
1945 2636 2010 2703 2,-

169 2726 289 2777 dar.
320 2744 389 2769 =
422 2721 492 2788 25
528 2725 830 2790 insipidam.
869 2722 1039 2788 Ecce,
1077 2722 1381 2794 negativam
1410 2721 1589 2772 addidi
1611 2730 1821 2787 notam,
1861 2731 1911 2773 et
1935 2721 2010 2771 di-

168 2808 404 2879 stingues
444 2807 511 2858 ab
541 2808 791 2859 omnibus
828 2807 926 2859 tihi
968 2807 1086 2858 dico
1111 2807 1330 2858 mineris
1368 2806 1523 2858 totius
1551 2807 1708 2878 regni
1739 2807 2010 2858 mineralis

169 2892 369 2943 hancce
407 2891 660 2944 facillimo
699 2894 871 2944 modo.
934 2894 1047 2945 Sed
1073 2912 1339 2964 quaenam
1368 2902 1418 2943 et
1456 2892 1633 2961 qualis
1673 2903 1766 2943 toa
1807 2894 1911 2944 erit
1949 2892 2011 2942 il-

166 2979 270 3030 lias
298 2981 541 3030 minerae
572 2978 740 3051 ιἰζεαΡ
761 3010 831 3017 -
860 2977 1015 3031 Certe
1044 2979 1195 3030 valde
1236 2978 1502 3030 emaciala
1521 3016 1534 3041 ‚
1573 2995 1666 3026 seu
1687 2975 1862 3047 potius
1889 2977 2007 3039 nul-

165 3064 242 3118 la.
280 3062 393 3114 Ubi
430 3073 609 3115 autem
639 3063 846 3115 videras
889 3065 974 3116 vel
1011 3063 1207 3115 videris
1243 3072 1528 3133 utramque
1574 3062 1832 3132 speciem,
1872 3079 2008 3133 quae

165 3148 417 3199 audiunt:
448 3149 830 3218 Pyramidales
849 3149 1092 3201 Zinnerz
1103 3148 1279 3221 prima
1308 3147 1781 3200 etPrismatisclzer
1798 3148 2010 3199 Schwe-

142 3232 246 3305 fel
268 3235 431 3286 altera
456 3265 526 3273 -
554 3254 650 3305 per
680 3234 958 3285 individua
1001 3234 1138 3285 bene
1181 3232 1409 3305 speciem
1455 3231 1902 3304 repraesentantia
1938 3262 2005 3270 —

167 3331 224 3372 tu
270 3319 401 3393 quin
441 3320 644 3372 nullam
676 3319 995 3373 nominatim
1045 3317 1304 3372 memoria
1347 3317 1570 3371 retineas
1595 3317 2002 3390 proprietatem,
