2127 3775
1807 244 1873 294 45

30 370 191 422 dandi
215 371 368 421 illum
399 372 516 422 data
547 372 647 422 via.
687 371 926 422 Tamdiu
962 380 1172 436 autem,
1210 369 1468 442 quamdiu
1494 369 1582 420 illa
1614 369 1731 420 data
1770 389 1874 420 em-

27 456 199 531 pirica
233 455 576 524 deficiebant,
632 477 782 508 error
811 457 1061 529 cognosci
1085 466 1133 506 et
1166 455 1447 506 monstrari
1475 475 1581 506 non
1608 455 1779 527 potuit
1809 487 1876 495 —

30 561 159 615 ergo
188 562 286 615 pro
315 543 532 594 scientia
571 563 741 616 neque
761 543 948 608 adsuit,
982 552 1029 593 et
1059 544 1411 610 cognitiones,
1455 540 1528 601 (si
1558 541 1714 608 alias,
1752 560 1878 613 qua-

28 637 180 680 tenus
218 628 665 696 inclarescebant‚
721 629 1002 679 relationes
1041 626 1403 677 similitudinis
1441 626 1575 676 bene
1613 637 1878 698 respectae

26 712 301 782 fuerant),
350 715 473 765 inde
505 719 867 783 prodeuntes,
918 733 1015 784 pro
1053 710 1271 763 historia
1302 712 1532 763 naturali
1564 722 1737 762 tamen
1769 708 1880 780 suf

9 796 245 866 ficiunt:
285 821 406 852 cum
438 803 524 852 illa
553 801 764 853 nonnisi
794 801 979 851 debeat
1018 798 1267 850 exhibere
1301 808 1545 849 naturam
1575 799 1672 847 sub
1702 798 1882 848 simili·

29 885 226 937 tudinis
254 887 520 959 principio
546 872 1071 959 physicohistoricae,
1112 895 1379 953 qnatenus
1406 885 1772 950 experientiae
1802 892 1884 935 est

28 971 307 1038 objectam.
361 974 569 1024 Veritas
602 991 732 1040 ergo
765 959 1241 1040 systematicarnm
1275 971 1537 1020 unitatum
1570 987 1780 1036 semper
1811 968 1881 1019 ab

30 1060 364 1125 experientia
410 1059 670 1124 dependet
713 1066 762 1107 et
799 1066 940 1106 arcte
981 1075 1105 1106 cum
1141 1054 1230 1104 illa
1269 1052 1531 1105 cohaeret.
1583 1054 1687 1104 Sed
1724 1054 1881 1103 lon‘re

1815 1094 1846 1124 τ)

28 1142 199 1209 abest,
247 1152 308 1195 ut
345 1142 676 1215 vituperium
715 1141 838 1192 inde
877 1139 966 1192 fiat
1002 1132 1253 1191 historiae
1292 1139 1523 1191 naturali
1554 1156 1620 1178 ’-
1647 1159 1770 1189 nam
1809 1149 1882 1190 est

32 1228 288 1300 empirica
326 1228 559 1280 scientia.
613 1228 730 1278 Sint
782 1237 1009 1278 assumta
1057 1226 1214 1276 semel
1249 1213 1548 1298 principia,
1602 1245 1697 1297 per
1744 1245 1882 1298 quae

32 1314 250 1366 scientia
277 1315 506 1385 gradum
534 1315 922 1383 progressivae
940 1314 1342 1378 permansionis
1375 1308 1885 1372 (fortschreitenden

30 1399 490 1460 Beharrlichkeit]
521 1397 760 1468 attingit,
801 1396 922 1447 dein
954 1407 1002 1447 et
1028 1394 1244 1447 historia
1278 1397 1564 1462 naturalis,
1615 1415 1882 1468 quaecun-

31 1506 135 1560 que
167 1483 389 1558 empiria
428 1483 813 1548 subministrat,
862 1480 1036 1532 statim
1066 1480 1259 1553 recipit
1294 1491 1345 1533 et
1382 1482 1474 1533 tali
1495 1481 1654 1531 modo
1689 1481 1880 1531 sensim

33 1571 331 1643 sensimque
360 1571 541 1636 Ideae,
569 1569 659 1621 cui
686 1567 1040 1640 assequendae
1076 1554 1376 1638 plurimum
1402 1566 1654 1638 temporis
1693 1577 1742 1619 et
1778 1587 1886 1617 ma-

35 1656 190 1710 teriei
239 1655 533 1728 expetitur>
584 1656 729 1707 lento
777 1652 953 1703 forsan
968 1689 984 1718 >
1038 1653 1128 1704 sed
1176 1673 1371 1706 securo
1423 1653 1598 1725 gradu
1641 1653 1888 1726 approxi-

34 1753 228 1794 matur.

172 1829 389 1901 Propte1
394 1847 454 1879 ea
490 1837 700 1895 autem,
739 1826 866 1900 quia
898 1845 1290 1899 nonnunquam
1334 1812 1771 1877 incertitudinem
1801 1822 1880 1874 in-

37 1915 250 1968 volvere
278 1914 492 1966 videtur
512 1913 843 1997 principium
874 1912 1267 1978 similitudinis,
1308 1930 1374 1961 ne
1401 1910 1573 1962 statim
1607 1909 1879 1980 desperes

36 2022 135 2054 nec
161 2001 274 2053 alia
305 2000 532 2053 unitates
560 2019 718 2073 supra
750 1999 980 2071 speciem
1003 1987 1373 2070 producendas
1409 2017 1513 2048 esse
1552 2015 1643 2049 vla
1671 1993 1851 2045 credas
1869 2031 1887 2075 ⁷.

39 2087 173 2139 illud
202 2086 592 2154 derelicturus,
658 2085 929 2158 sequentia
978 2085 1325 2157 perpendens.
1387 2073 1550 2133 Omni
1609 2078 1887 2132 intuitioni

40 2183 263 2225 naturae
288 2173 428 2224 illud
444 2175 770 2242 principium
799 2191 896 2243 pro
918 2170 1034 2221 basi
1061 2169 1311 2237 inservit,
1352 2171 1502 2238 quod
1531 2178 1646 2242 tota
1683 2178 1887 2218 natura

38 2262 206 2312 menti
228 2277 473 2327 congruo
515 2261 676 2309 modo
708 2259 776 2308 sit
804 2261 1093 2311 instructa.
1134 2256 1501 2326 Quaecunque
1537 2252 1705 2324 igitur
1735 2262 1887 2304 natu·

42 2365 101 2396 ra
131 2344 381 2412 continet,
420 2344 491 2395 ita
521 2342 709 2393 haberi
737 2352 786 2392 et
819 2341 1052 2413 conspici
1094 2341 1288 2392 dehent
1313 2378 1329 2407 9
1374 2339 1479 2389 acsi
1524 2327 1737 2388 nonnisi
1775 2358 1883 2405 pro

42 2443 216 2483 mente
239 2442 430 2481 nostra
464 2440 638 2481 essent
667 2440 884 2494 creata,
925 2439 983 2478 nt
1020 2430 1277 2478 unitatem
1307 2427 1546 2477 inveniat
1572 2426 1626 2473 in
1668 2409 1890 2474 diversi·

47 2529 156 2569 tate
197 2527 246 2567 et
283 2535 335 2565 ιη
373 2511 522 2566 illam
565 2535 722 2580 snas,
773 2534 912 2585 quas
951 2507 1225 2581 agnoscit,
1274 2512 1422 2578 leges
1462 2508 1717 2578 applicet.
1771 2507 1891 2561 Hoc

48 2604 158 2654 sine
196 2598 466 2674 principio
512 2611 712 2651 natura
764 2619 873 2650 non
910 2608 1115 2649 natura
1138 2636 1154 2662 ,
1221 2609 1372 2646 mens
1427 2611 1536 2643 non
1580 2611 1694 2642 esse
1737 2601 1890 2644 mens

47 2687 229 2762 posset.
281 2687 376 2737 Ast
421 2704 568 2736 mens
608 2685 751 2734 nulla
790 2683 890 2733 alia
932 2700 1029 2754 pro
1062 2678 1473 2750 contemplanda
1508 2671 1698 2728 natura
1743 2676 1888 2748 prin·

51 2774 189 2847 cipia
230 2771 418 2838 habet,
467 2789 627 2842 quam
660 2769 983 2831 identitatis.
1024 2765 1472 2833 homogeneztatis
1508 2770 1557 2811 et
1591 2762 1891 2813 szffl'mzlztudz-

50 2863 153 2913 nis.
201 2857 380 2910 Priora
418 2875 541 2907 cum
573 2854 675 2904 sint
714 2850 978 2946 applicita·
1008 2860 1057 2901 et
1097 2847 1346 2900 exhausta
1396 2877 1460 2885 -—
1496 2847 1709 2898 nullum
1743 2847 1893 2900 aliud

53 2966 213 3021 quam
250 2943 464 2995 tertium
501 2950 659 2992 restat
684 2968 748 2977 -
789 2947 835 2989 et
889 2936 1014 3010 quia
1047 2937 1253 3007 species
1287 2932 1461 2984 unitas
1497 2933 1757 3005 producta
1794 2952 1892 3005 per

53 3027 492 3102 homogeneitatis
515 3025 876 3099 principium,
914 3043 968 3074 ιη
1007 3020 1202 3094 species
1242 3018 1484 3091 proxime
1525 3018 1888 3071 similitudinis

55 3117 188 3171 illud
221 3115 596 3190 applicandum
639 3112 754 3163 erit.

194 3201 416 3256 Etiamsi
443 3220 570 3273 ergo
602 3198 832 3272 perbene
857 3194 1116 3260 sciamus,
1154 3202 1403 3244 naturam
1448 3177 1658 3241 nonnisi
1694 3172 1889 3242 indivi-

63 3292 166 3342 dua
200 3290 523 3363 producere,
561 3285 649 3336 illa
696 3288 873 3335 tamen
905 3280 1034 3331 adeo
1069 3288 1190 3330 sunt
1228 3277 1586 3359 conformata,
1637 3286 1697 3329 ut
1738 3296 1887 3328 mens

63 3396 154 3428 sua
191 3375 461 3448 principia
482 3374 536 3424 in
580 3390 636 3422 ea
668 3367 932 3442 applicare
962 3364 1120 3437 possit
1162 3397 1227 3405 --
1263 3363 1366 3431 ita,
1415 3374 1474 3415 ut
1516 3383 1561 3414 e.
1601 3381 1651 3435 g.
1683 3360 1879 3416 thesis:
