2127 3775
196 265 263 315 69

195 407 358 458 quam
376 390 712 457 aper-lissima
730 405 844 438 esse
867 385 1070 437 debent.
1093 384 1297 448 (liant.)
1316 383 1601 457 Duplicem
1617 401 1828 433 sensum
1847 398 1941 454 per
1959 379 2016 430 il-

194 473 308 524 lum
328 475 555 527 verbum
576 469 812 522 botanici
839 490 990 542 saepe
1021 469 1313 542 exprimere
1339 470 1641 534 voluerunt,
1674 471 1852 537 primo
1879 466 2015 518 indi-

196 570 390 626 cantes>
420 559 581 622 illam,
613 555 703 607 cui
727 553 1042 628 praefixum,
1072 555 1447 627 proprietatem
1474 555 1630 604 modo
1659 553 1834 604 adesse
1858 552 2018 604 modo

192 665 300 696 non
331 643 505 693 adesse
530 642 586 691 in
610 640 878 692 nonnullis
906 640 1197 692 individuis
1215 678 1230 708 9
1269 643 1502 692 secundo
1530 649 1709 691 autem
1751 639 1928 690 adesse
1958 639 2017 689 in

191 748 355 802 parvo
380 728 567 800 gradu.
605 727 665 779 E.
694 748 744 800 g.
771 746 874 779 vox
914 729 1254 793 subhirszzla,
1297 730 1476 796 primo
1517 746 1676 777 sensa
1723 725 2020 797 exprimere

190 823 383 887 potest,
420 813 654 885 plantam
688 814 797 884 ejus
823 813 1054 863 nominis
1084 822 1132 864 et
1155 811 1415 864 hirsutam
1441 822 1490 863 et
1509 831 1618 862 non
1641 810 1902 863 hirsutam
1929 830 2014 862 oc·-

192 919 409 952 currere
435 899 520 951 vel
545 901 781 951 secando
812 919 971 951 sensa
989 938 1004 963 ,
1041 899 1255 949 nonnisi
1284 918 1391 950 esse
1431 898 1575 948 illam
1611 917 1804 970 parum
1843 896 2018 948 hirsu-

191 995 315 1037 tam.
352 986 419 1036 In
442 986 621 1054 primo
652 1004 815 1051 casa,
854 1004 952 1056 pro
981 984 1081 1035 illis
1113 984 1404 1037 individuis
1423 1021 1438 1050 9
1478 1003 1612 1056 quae
1637 982 1843 1033 hirsuta
1876 990 2018 1048 sunt>

192 1070 455 1142 expressio
481 1068 686 1120 hirsuta
715 1069 932 1120 omnino
951 1068 1246 1138 sufficeret,
1284 1090 1379 1142 pro
1398 1069 1498 1120 illis
1527 1079 1731 1135 autem,
1760 1087 1894 1141 quae
1911 1086 2021 1117 non

193 1167 317 1208 sunt
348 1155 584 1221 hirsuta,
622 1173 794 1227 neque
819 1174 921 1206 vox
950 1154 1256 1208 subhirsuta
1283 1157 1420 1208 valet
1430 1193 1445 1222 9
1486 1166 1535 1208 et
1562 1175 1670 1206 non
1684 1163 1903 1226 possunt
1927 1171 2023 1225 per

192 1244 331 1294 illud
355 1244 477 1296 sab
508 1245 667 1313 quasi
695 1243 964 1294 excusari.
1003 1241 1068 1292 In
1094 1244 1327 1294 secundo
1358 1262 1488 1294 casu
1526 1260 1691 1312 aeque
1723 1240 1916 1311 duplex
1951 1237 2025 1288 di-

194 1312 404 1379 stinctio
430 1327 711 1399 possibilis.
752 1326 953 1398 Nempe
980 1324 1144 1377 hocce
1171 1345 1367 1377 nomen
1390 1327 1474 1379 vel
1504 1326 1688 1377 datum
1709 1325 1766 1375 in
1794 1324 2024 1396 gratiam

194 1414 427 1465 aliorum
447 1413 870 1479 individuorum>
893 1430 922 1462 a
946 1411 1141 1484 quibus
1159 1414 1380 1463 nonnisi
1401 1410 1592 1482 majori
1631 1408 1876 1460 hirsutiei
1906 1427 2025 1478 gra-

195 1498 268 1550 du
299 1499 551 1551 differunt
571 1536 586 1567 ,
625 1498 710 1550 vel
746 1507 793 1548 et
819 1497 958 1548 alias
983 1497 1249 1548 differunt.
1289 1497 1347 1547 Si
1373 1500 1524 1561 prius
1550 1496 1718 1563 valet,
1757 1493 2025 1546 distinctio

195 1603 306 1636 non
332 1596 405 1638 est
431 1582 935 1659 physicohistorica‚
986 1584 1112 1655 quia
1151 1582 1367 1634 nonnisi
1414 1583 1642 1655 gradum
1687 1580 1901 1652 respicit
1911 1599 1926 1646 3
1971 1579 2027 1656 ‚si

197 1671 460 1738 alterum,
500 1670 719 1741 simplex
743 1668 972 1721 verbum
997 1668 1269 1719 hirsutum
1297 1668 1577 1719 sufficeret.
1615 1668 1674 1717 In
1723 1666 2026 1718 denomina-

192 1757 337 1808 tione
366 1776 493 1827 ergo
521 1753 715 1827 speciei
741 1755 838 1806 sub
865 1773 1144 1825 nunquam
1166 1752 1539 1824 recipiendum
1565 1752 1679 1804 erit.

360 1841 588 1892 Nonnisi
613 1838 1119 1913 physicohistoricae
1149 1838 1276 1889 hinc
1307 1839 1582 1911 qualitates
1630 1856 1739 1888 esse
1776 1846 1996 1908 possunt
2008 1873 2026 1904 7

196 1946 332 2000 quae
363 1926 591 1998 speciem
619 1924 962 1975 denominare
987 1934 1238 1995 poterunt
1266 1934 1315 1976 et
1353 1923 1652 1976 rationibus
1692 1920 2025 1973 accidentali-

192 2013 297 2064 bus
329 2011 500 2063 omnis
530 2010 765 2060 influxus
794 2009 1088 2081 negandus.
1128 2010 1269 2061 Hinc
1297 2009 1456 2062 etiam
1485 2009 1609 2060 inde
1641 2009 1863 2060 deducta
1890 2009 2028 2081 adje-

198 2099 362 2165 ctiva>
400 2107 461 2150 ut
487 2117 530 2148 e⁴
563 2116 644 2168 gr.
674 2094 1028 2167 frequentiam
1045 2094 1366 2162 indicantia,
1391 2105 1450 2146 ut
1481 2097 1820 2160 communis,.
1839 2094 2029 2163 vulga-

198 2188 274 2237 ris
302 2203 347 2234 e.
385 2204 423 2233 s.
460 2204 511 2254 p.
547 2180 757 2253 penitus
788 2189 911 2230 sunt
935 2180 1212 2230 exulanda.
1259 2179 1412 2232 Haec
1444 2182 1676 2232 omnium
1702 2191 1827 2231 sunt
1861 2182 2026 2248 pessi-

198 2288 316 2334 ma,
351 2272 477 2338 quia
514 2269 849 2339 paucissima
895 2267 1009 2330 (sea
1031 2269 1218 2337 potius
1241 2265 1402 2328 nihil)
1430 2267 1752 2336 exprimunt.

282 2433 328 2497 §0
372 2426 469 2486 40.
508 2424 1060 2484 Denominatio
1104 2425 1406 2505 speciei
1449 2427 1949 2506 systematica

529 2521 770 2580 ideam
811 2522 1271 2580 intuitivam
1311 2535 1701 2602 provocat.

359 2656 782 2715 Denominatio
809 2655 1025 2735 speciei
1058 2658 1433 2734 systematiea
1465 2659 1682 2716 excitat
1713 2656 1905 2716 ideam
1937 2661 2026 2715 in-

206 2757 472 2812 tuitivam
507 2751 726 2832 speciei
771 2764 830 2809 et
868 2750 1062 2830 hujus
1114 2756 1404 2812 notionem
1446 2776 1478 2812 a
1510 2745 2027 2814 ¹Characteristica

207 2849 456 2931 quidem
487 2848 729 2906 nonnisi
759 2846 1154 2905 exhibendam
1175 2894 1190 2920 ,
1233 2861 1569 2928 praeparat.

373 2944 661 2993 Summum
686 2961 844 2993 suum
862 2941 924 2992 de
939 2960 1076 2993 novo
1105 2943 1338 2995 valorem
1353 2941 1630 2994 methodus
1646 2942 2029 3015 physicohisto-

208 3028 320 3079 rica
349 3028 407 3079 in
434 3047 494 3080 eo
519 3028 695 3100 palam
732 3027 940 3095 reddit,
997 3028 1136 3100 quod
1174 3049 1271 3101 per
1310 3028 1795 3081 denominationem
1836 3029 2031 3101 speciei

207 3112 383 3163 ideam
411 3115 522 3186 ejus
551 3112 858 3166 intuitivam
892 3114 1108 3182 excitat,
1147 3133 1280 3187 quae
1309 3134 1586 3187 nunquam
1592 3112 1756 3183 falsa
1781 3114 1870 3165 sed
1899 3134 2028 3166 non-

209 3198 314 3247 nisi
338 3219 447 3251 non
475 3194 757 3268 sufficiens
780 3219 888 3251 esse
926 3209 1110 3272 potest.
1149 3199 1205 3249 Si
1249 3217 1386 3250 nova
1429 3199 1698 3272 quondam
1731 3200 2030 3251 nomencla-

210 3292 331 3334 tura
354 3281 411 3332 in
439 3282 686 3336 botanica
703 3321 719 3351 9
759 3286 909 3355 cujus
937 3295 1113 3337 tamen
1139 3283 1417 3344 necessitas
1445 3303 1507 3335 ex
1548 3283 1834 3336 hodiernae
1868 3283 2030 3336 inuti-

212 3367 356 3419 litate
385 3365 503 3417 fluit
515 3403 532 3432 ,
571 3367 710 3421 dicto
741 3369 898 3420 modo
925 3369 981 3422 in
1007 3370 1153 3422 omni
1181 3370 1352 3442 specie
1381 3389 1548 3441 genus
1587 3380 1637 3423 et
1676 3370 1917 3422 ordinem
1954 3367 2029 3421 of-
