2127 3775
1844 232 1912 284 55

85 355 250 427 ponit.
299 355 401 405 Sed
429 374 526 427 pro
563 354 652 406 tali
683 354 938 405 divisione
971 373 1067 406 nec
1096 355 1547 422 fundamentum,
1589 373 1686 405 nec
1712 358 1914 422 princi·

81 442 231 509 pium
260 459 355 490 nec
392 441 583 509 regala
617 440 773 492 adest.
812 441 1246 492 Fundamentum
1278 440 1466 491 exinde
1511 441 1750 508 nullum,
1789 441 1913 512 quia

86 526 379 576 secundum
398 527 669 598 qualitates
688 525 1183 597 physicohistoricas
1206 534 1278 585 (et
1302 527 1594 578 secundum
1620 526 1756 577 nihil
1772 528 1916 577 aliud

87 609 252 659 dividi
293 621 483 681 posset)
521 615 709 663 divisio
742 612 894 663 nulla
917 611 1204 681 possibilis,
1244 622 1502 684 quatenus
1549 613 1918 682 homogeneae

85 695 225 746 inter
267 716 316 747 se
372 706 674 761 transeunt,
740 696 1035 746 secundum
1080 696 1471 764 laeterogeneas
1512 696 1689 750 autem
1730 697 1918 748 divisio

86 781 231 831 nulla
257 781 533 853 possibilis.
572 780 842 831 Deberent
871 780 995 832 hinc
1019 773 1124 831 esse
1158 791 1230 832 tot
1263 781 1576 848 divisiones,
1624 794 1752 855 quot
1792 804 1918 856 qua·

84 865 254 918 litates
275 877 325 919 et
353 878 451 934 tot,
489 878 617 939 quot
642 861 827 917 earum
846 867 1094 919 transitus
1114 867 1182 928 (si
1209 868 1484 918 numerari
1498 880 1750 939 possent).
1773 871 1920 923 Prin-

86 955 282 1022 cipium
312 953 519 1002 nullum
553 953 726 1019 adest,
766 952 891 1024 quia
922 954 1354 1023 bomogeneitate
1382 953 1540 1005 unice
1558 956 1785 1027 speciem
1803 977 1921 1028 pro·
1994 981 1997 983 >

87 1038 331 1104 ducente,
361 1041 641 1091 identitate
687 1039 1002 1090 divisionem
1029 1040 1242 1111 penitus
1288 1040 1632 1108 excludente,
1679 1044 1923 1095 interme-

85 1128 231 1178 dium
272 1144 381 1176 non
437 1124 594 1176 adest.
657 1126 872 1195 Regula
923 1127 1138 1178 tandem
1187 1127 1361 1195 nulla,
1422 1137 1567 1178 mere
1623 1128 1922 1179 voluntaria

84 1210 212 1262 hinc
263 1214 371 1261 esse'
423 1209 637 1261 deberet
679 1243 746 1248 —
784 1210 840 1260 in
882 1211 1111 1263 scientiis
1171 1223 1348 1264 autem
1405 1230 1687 1287 nunquam
1733 1214 1928 1286 poterit

83 1317 181 1370 pro
217 1296 421 1348 ratione
469 1305 603 1347 stare
648 1296 905 1348 voluntas.
955 1297 1176 1368 Insuper
1219 1298 1512 1366 absolutio,
1565 1298 1842 1370 integritas
1878 1309 1928 1350 et

84 1383 443 1448 concinnitaS‚
477 1401 638 1451 qnam
665 1391 833 1433 totam
860 1381 1044 1448 hocce,
1072 1385 1152 1433 uti
1174 1394 1255 1434 est
1278 1386 1513 1452 species,
1553 1383 1795 1451 exhibet,
1832 1404 1928 1457 per

85 1469 503 1521 subdivisionem
532 1467 801 1519 tolleretur
825 1476 873 1518 et
901 1466 1067 1518 divisa
1100 1467 1294 1540 species
1322 1487 1432 1519 non
1459 1470 1686 1541 amplius
1724 1481 1797 1523 est
1820 1491 1928 1543 spe·

84 1556 203 1607 cies.
240 1555 544 1607 Methodns
581 1573 712 1624 ergo
745 1553 1248 1622 phy-sicohistorica
1281 1556 1698 1609 subdivisionem
1735 1559 1936 1624 speciei

84 1663 194 1695 non
236 1643 502 1711 agnoscit.

254 1725 441 1797 Longe
464 1724 681 1797 quidem
713 1725 829 1774 αῖία
854 1743 940 1776 res
978 1735 1058 1777 est
1071 1765 1089 1790 >
1128 1727 1275 1776 intra
1298 1727 1501 1796 speciei
1528 1728 1808 1780 cancellos
1832 1747 1929 1799 per

88 1810 454 1862 continuatam
487 1807 865 1860 dichotomiam
900 1809 1196 1860 secundum
1242 1810 1519 1883 qualitates
1560 1813 1642 1864 vel
1676 1811 1929 1885 homoge-

85 1916 210 1949 neas
237 1897 320 1947 vel
345 1895 723 1966 heterogeneas
759 1894 1056 1946 institutam
1089 1895 1124 1946 i.
1160 1916 1202 1947 e.
1229 1916 1326 1968 per
1357 1895 1670 1948 methodum
1709 1898 1930 1951 Lamar-

83 1983 301 2034 lu'anam'
331 1981 578 2050 singulas
604 1981 819 2031 nonnisi
863 1991 912 2032 et
950 1993 1262 2034 constantes
1303 1982 1585 2034 varietates
1635 2004 1929 2058 earumque

84 2069 305 2121 nomina
329 2067 648 2139 indigitare,
689 2067 750 2117 de
783 2087 886 2139 qua
905 2077 1082 2139 postea
1101 2087 1274 2118 sermo
1301 2068 1416 2119 erit.
1456 2067 1560 2118 Hic
1579 2070 1794 2121 nonnisi
1816 2072 1929 2123 obi-

85 2167 167 2210 ter
198 2155 397 2207 mentio
427 2153 596 2220 facta,
647 2170 713 2203 ne
753 2151 931 2203 forsan
972 2163 1022 2205 et
1066 2152 1199 2205 haec
1246 2152 1444 2226 agendi
1482 2154 1619 2206 ratio
1658 2176 1756 2229 pro
1801 2177 1926 2210 vera

87 2241 281 2316 speciei
307 2239 568 2292 divisione
597 2233 877 2290 habeatur}¹

91 2456 136 2521 §.
182 2450 275 2508 222
318 2451 424 2511 Ex
464 2449 736 2530 specie
776 2449 854 2507 in
897 2448 1130 2508 aliam
1181 2447 1467 2508 nullus
1523 2451 1925 2512 transitus

908 2546 1135 2605 valen

249 2681 383 2740 Non
416 2682 618 2740 minus
650 2705 721 2742 ex
745 2704 930 2764 supra
963 2682 1138 2742 dictis
1169 2683 1284 2742 rite
1310 2681 1622 2763 perpensis
1648 2674 1926 2763 sequitur

92 2777 278 2836 thesis
307 2800 596 2860 sequens:
636 2779 736 2836 Ex
756 2783 953 2858 specie
973 2802 1112 2841 vera
1132 2783 1165 2838 i.
1193 2803 1239 2839 e.
1266 2778 1825 2860 physicolzistorica
1863 2781 1925 2836 in

94 2873 277 2932 aliam
303 2876 592 2933 transitus
627 2896 746 2934 non
781 2874 960 2947 valet,
993 2876 1102 2935 ubi
1121 2888 1326 2935 autem
1359 2873 1433 2934 de
1460 2873 1566 2932 tali
1591 2896 1808 2947 serm0‚
1826 2875 1922 2934 vel

94 2969 529 3048 speciesfalsae
556 2982 715 3042 sunt,
735 2970 829 3028 vel
854 2981 1058 3030 autem
1087 2973 1379 3029 transitus
1398 2991 1519 3029 non
1546 2983 1631 3030 est
1663 2992 1849 3042 veras,
1876 2972 1925 3029 si

95 3065 298 3122 stricte
324 3065 484 3123 inter
511 3066 574 3124 se
609 3066 836 3145 species
862 3079 1003 3124 sunt
1029 3078 1362 3147 separatae,
1396 3067 1647 3125 tertium
1676 3088 1800 3125 non
1827 3088 1924 3127 va-

96 3159 202 3221 let.
231 3162 564 3242 Sequentes
583 3163 821 3220 nonnisi
849 3163 1061 3222 orches
1083 3163 1214 3222 loco
1240 3175 1636 3223 centenarum
1663 3162 1926 3222 adduca-

98 3276 254 3328 mus,
279 3274 540 3338 quarum
556 3258 661 3316 tali
683 3260 941 3318 transitu
956 3257 1306 3340 junguntur
1323 3259 1718 3330 differendae,-
1737 3259 1844 3341 qui
1863 3259 1926 3317 in

103 3349 298 3430 specie
327 3353 567 3412 nonnisi
601 3354 883 3415 occurrit.

1620 3467 1653 3503 o
