2127 3775
1861 270 1928 319 87

144 454 190 514 (5.
236 445 329 507 58.
381 448 702 508 Schema
755 450 980 529 plura
1031 451 1622 532 complectitur,
1668 473 1889 535 quam

534 547 1038 625 experientia
1080 550 1509 628 praestitit.

265 683 418 739 Cum
446 680 697 739 Schema
737 681 1056 761 qualitates
1104 684 1666 762 physicohistorieas
1719 685 1932 743 intime

103 776 343 855 junctas
376 776 685 847 ostendat,
729 776 1047 836 abstrahat
1090 793 1294 840 autem
1342 781 1414 837 al)
1455 802 1668 838 eorum
1713 782 1776 839 in
1812 785 1934 839 Sin-

98 874 255 953 gulis
283 873 611 930 individuis
635 873 1115 946 combinatione,
1159 876 1348 955 plura
1397 877 1556 935 inter
1603 900 1740 936 suos
1787 878 1934 936 lines

101 969 514 1049 amplectitur,
562 990 743 1050 quam
785 974 1159 1048 experientia
1192 974 1514 1051 praestilit.

268 1063 494 1114 Schema
523 1082 584 1112 ex
612 1062 837 1134 singulis
872 1065 1218 1116 varietatibus
1264 1066 1458 1137 speciei
1495 1071 1640 1120 nolis
1681 1068 1935 1139 composi-

98 1160 240 1215 tum,
279 1160 487 1221 ergoxet
512 1149 780 1221 quaelibet
805 1160 927 1202 nota
955 1151 1182 1202 varietas
1213 1151 1270 1202 in
1298 1151 1561 1203 schemate
1588 1162 1830 1204 contenta
1862 1172 1936 1202 es«

98 1255 151 1286 se
197 1236 379 1302 debet,
434 1234 561 1285 hinc
588 1255 865 1307 nunquam
912 1235 1169 1308 pauciUS,
1220 1257 1382 1310 quam
1425 1238 1749 1311 experientia
1793 1236 1936 1289 exhi-

94 1321 239 1388 buit,
278 1321 520 1372 includit.
561 1322 665 1371 Sed
699 1331 748 1371 et
776 1322 931 1393 plura
961 1332 1220 1393 praestat,
1260 1345 1422 1396 quam
1453 1324 1798 1397 experientia,
1817 1325 1937 1375 uni-

96 1427 156 1458 ce
185 1407 227 1457 si
256 1406 678 1478 perpendamus,
721 1427 874 1458 omne
904 1410 1199 1460 membrum
1226 1414 1384 1462 unias
1418 1414 1582 1463 seriei
1618 1430 1737 1462 cum
1774 1412 1939 1462 omni-

94 1494 194 1544 bus
227 1493 525 1543 alterarum
553 1495 816 1543 serz‘erum
845 1493 1150 1544 combinari
1169 1514 1352 1561 posse,
1384 1505 1434 1546 et
1470 1515 1579 1546 uno
1616 1494 1704 1546 hio
1737 1495 1939 1547 intuitu

96 1576 432 1643 inclarescit,
471 1586 669 1648 quanta
700 1575 757 1625 in
789 1585 982 1626 natura
1014 1576 1079 1627 sit
1107 1578 1372 1648 possibilis
1399 1580 1644 1649 varietas,
1690 1591 1737 1632 et
1774 1600 1938 1653 quan-

93 1673 211 1715 tum
240 1662 562 1734 experientia
592 1671 708 1734 post
736 1670 985 1712 naturam
1014 1674 1344 1732 remaneret,
1383 1665 1485 1716 nisi
1513 1686 1609 1737 per
1653 1665 1741 1716 illa
1792 1665 1939 1717 sche-

95 1760 236 1800 mata
279 1768 629 1821 quaecunque
674 1746 947 1818 possibiles
986 1747 1265 1801 varietates
1312 1749 1579 1802 exhibitae
1622 1762 1805 1803 essent.
1861 1753 1940 1802 Ex

93 1833 196 1884 illis
224 1834 383 1884 simul
408 1844 580 1905 patet,
621 1852 760 1901 quae
802 1833 1207 1885 observationes
1252 1838 1305 1886 in
1340 1839 1518 1904 specie
1565 1839 1834 1906 quadam,
1891 1846 1940 1887 et·

95 1938 236 1987 quae
263 1938 408 1971 ηουα
436 1919 713 1984 cujusdam
734 1919 934 1983 speciei
951 1918 1228 1969 individua
1246 1924 1590 1974 allenlz'onem
1602 1924 1942 1990 polissimwn

95 2001 455 2055 mereantur?
475 2032 537 2038 —
572 2023 710 2072 quae
741 2001 958 2053 schema
991 2022 1183 2054 revera
1210 2005 1444 2056 dilatant
1475 2006 1509 2056 i.
1546 2026 1588 2056 e.
1616 2006 1938 2058 observatio—

95 2109 219 2156 nes,
256 2108 352 2160 per
398 2109 525 2160 quas
563 2087 837 2160 qualitates
887 2087 1120 2139 strictius
1170 2100 1619 2161 cognoscuntur,
1657 2092 1935 2143 varietates

95 2195 266 2226 novae
298 2184 507 2240 autem,
547 2193 680 2246 quae
703 2193 897 2224 novam
928 2173 1264 2244 qualitatem,
1303 2175 1388 2227 vel
1426 2176 1735 2228 varietatem
1773 2178 1939 2249 quali-

98 2262 216 2314 tatis
251 2261 546 2333 cujusdam,
585 2279 720 2332 quae
751 2259 991 2308 nondum
1019 2259 1334 2311 occurrebat
1367 2258 1466 2311 hac
1509 2261 1566 2312 in
1600 2263 1789 2334 specie,
1819 2264 1938 2314 oss'e-

98 2358 240 2401 runt.
279 2349 371 2400 Ex
405 2349 582 2399 allera
605 2357 766 2415 parte
796 2349 956 2396 etiam
981 2356 1165 2410 patet,
1207 2366 1474 2415 quaenam
1490 2349 1614 2412 jare
1648 2351 1942 2400 varietates

98 2438 204 2488 sint
239 2434 667 2501 exspectandae,
706 2429 777 2479 ita
811 2437 870 2480 ut
897 2428 1109 2478 nonnisi
1149 2429 1237 2480 tali
1264 2430 1422 2480 modo
1450 2432 1749 2483 antevolare
1776 2434 1938 2505 empi-

99 2521 237 2571 riam
267 2519 330 2570 sit
358 2517 626 2590 possibile,
665 2526 713 2568 et
738 2518 887 2587 qaod
915 2536 1116 2569 summe
1162 2520 1492 2586 uelandam,
1532 2521 1645 2571 sine
1682 2521 1796 2572 ulla
1842 2522 1940 2590 sty-

98 2606 331 2676 polhesz'.

144 2769 185 2832 §.
241 2759 333 2821 59.
401 2759 812 2819 Schemata
870 2781 903 2817 a
957 2760 1520 2838 systematibus
1576 2784 1725 2821 non
1782 2762 1900 2823 de—

837 2854 1198 2935 pendent

270 2991 423 3049 Cum
454 2989 706 3049 Schema
733 2988 1000 3048 refertur
1027 2989 1104 3048 ad
1144 2995 1404 3070 speciem
1442 2992 1941 3074 physicolzistori-

109 3110 267 3160 cam,
311 3086 460 3145 haec
494 3098 695 3143 autem
722 3106 840 3167 qua
875 3083 1344 3145 fundamentum
1369 3093 1630 3148 omnium
1657 3104 1940 3170 systema-

108 3198 272 3255 tum,
327 3205 481 3263 quae
520 3179 829 3260 producta
875 3192 1132 3240 naturae
1170 3193 1468 3256 tractant,
1525 3199 1613 3244 cst
1649 3186 1939 3268 indepen-

112 3279 258 3341 dens
298 3300 330 3338 a
368 3276 863 3337 Classificatione:
925 3275 1065 3336 inde
1109 3278 1287 3339 etiam
1328 3281 1570 3340 schema
1609 3284 1826 3363 speciei
1863 3285 1936 3341 ab
