2127 3775
1839 244 1909 296 39

79 447 126 509 §.
175 437 269 500 25.
326 439 431 500 De
485 437 863 501 methodo
918 432 1443 501 Lamarkiana
1495 440 1652 501 rite
1701 438 1911 501 adhi-

861 535 1139 596 bend&

242 671 305 729 Si
335 682 542 731 autem
580 670 887 754 quondam
922 684 1010 730 tot
1040 683 1272 731 veteres
1295 673 1527 753 species
1561 670 1804 730 nonnisi
1848 671 1913 730 in

84 785 208 824 una
252 766 638 838 militabunt,
683 766 981 824 dolebunt
1022 767 1150 825 sani
1183 767 1365 826 multi
1414 779 1503 824 tot
1547 768 1774 846 species
1818 788 1917 827 ea-

84 882 349 944 rumque
377 864 744 943 cognitiones
769 861 1158 942 deperditum
1187 863 1281 920 iri.
1328 861 1447 921 Sed
1475 862 1623 920 haec
1657 884 1779 920 non
1814 884 1920 922 ne—

85 960 341 1017 cessarie
373 959 611 1040 insequi
639 957 988 1029 debebunt,
1034 979 1189 1040 quae
1221 957 1383 1016 enim
1427 971 1610 1016 erunt
1644 964 1923 1019 constan-

85 1065 176 1113 tes
209 1067 643 1134 caeterumque
662 1064 876 1112 notatu
911 1053 1130 1134 dignae
1151 1055 1469 1113 varietates
1485 1054 1750 1114 valorem
1767 1077 1922 1115 sem-

85 1171 199 1231 per
226 1149 603 1208 retinebunt.

253 1243 471 1295 Illarum
524 1255 704 1296 autem
767 1243 1216 1317 detegendarum,
1284 1245 1409 1319 quia
1456 1243 1791 1318 systematica
1835 1241 1925 1296 hic

88 1329 235 1382 nulla
268 1330 390 1396 via,
428 1329 518 1381 illa
546 1329 817 1380 divisionis
843 1349 938 1380 seu
972 1330 1254 1383 methodus
1289 1331 1648 1383 Lamarkiana
1697 1330 1781 1390 (in
1823 1328 1927 1380 for-

88 1415 284 1467 manda
311 1414 484 1487 specie
516 1413 734 1464 omnino
763 1413 1079 1485 rejicienda)
1109 1435 1267 1466 usum
1287 1417 1532 1469 admittit.
1572 1417 1716 1468 Haec
1744 1435 1929 1468 secun·

92 1500 221 1551 dum
260 1520 426 1552 unam
467 1499 756 1550 alteramve
793 1499 1112 1572 qualitatum
1148 1500 1529 1553 instituendam
1575 1502 1928 1570 divisionem,

90 1585 250 1658 hujus
277 1596 455 1637 autem
485 1583 907 1637 subdivisionem
936 1605 979 1636 e.
1012 1606 1048 1637 s.
1076 1606 1128 1660 p.
1158 1588 1420 1659 exposcit,
1460 1588 1626 1639 donec
1657 1587 1930 1640 individui

89 1690 287 1722 nomen
326 1668 627 1742 quaesitum
668 1669 734 1720 ab
784 1669 1034 1721 omnibus
1087 1682 1388 1743 separatum
1430 1671 1608 1725 fuerit.
1656 1673 1934 1745 Ejusmodi

92 1756 378 1808 nominum
393 1756 553 1807 index
565 1756 763 1810 dicitur
776 1757 934 1809 etiam
951 1758 1139 1826 clavis,
1157 1758 1300 1832 quod
1313 1778 1508 1810 nomen
1526 1779 1633 1810 non
1650 1760 1780 1811 adeo
1798 1760 1936 1811 male

94 1843 324 1910 lectum3
364 1842 453 1893 sed
483 1841 644 1893 clavis
665 1862 845 1896 seram
874 1863 1109 1921 semper,
1149 1865 1313 1917 quam
1353 1849 1600 1915 aperiat,
1651 1845 1904 1919 supponit
1918 1864 1935 1912 3

95 1928 196 1981 ubi
225 1947 353 1980 vero
376 1931 533 1999 prius
560 1928 721 1979 clavis
748 1949 909 2002 quam
940 1950 1054 1981 sera
1087 1940 1163 1983 est
1187 1930 1426 1983 confecta
1443 1968 1458 1996 ,
1497 1951 1592 1982 seu
1607 1931 1813 2003 potius,
1838 1930 1937 1982 uhi

96 2016 253 2089 plane
280 2015 434 2067 nulla
460 2034 588 2069 sera
613 2014 785 2083 adest>
824 2014 904 2065 ibi
933 2034 1108 2088 neque
1149 2015 1310 2067 clavis
1357 2036 1511 2068 usum
1545 2019 1793 2076 admittit.
1835 2015 1941 2066 Sed

99 2101 226 2153 inde
259 2101 458 2168 lector,
495 2119 563 2153 ne
590 2100 787 2172 species
810 2100 1006 2152 iterum
1037 2101 1275 2174 singulas
1308 2102 1509 2153 resumi
1543 2102 1756 2153 credas:
1810 2118 1941 2152 non-

100 2185 206 2238 nisi
232 2185 391 2235 aliam
437 2186 722 2238 alteramve
760 2204 888 2257 prae
922 2185 1036 2236 aliis
1071 2187 1478 2240 memorabilem
1515 2197 1564 2238 et
1604 2199 1943 2240 constantem

101 2270 411 2326 varietatem
440 2269 528 2320 illa
564 2268 843 2321 methodus
876 2269 1170 2336 indicabit,
1209 2271 1443 2342 plurima
1461 2281 1640 2323 autem
1660 2272 1942 2325 individua

106 2357 354 2424 existent,
407 2375 639 2428 quorum
677 2374 785 2405 non
821 2365 978 2409 enunt
1017 2355 1340 2408 invenienda
1383 2357 1636 2424 nomina,
1684 2358 1770 2409 vel
1806 2377 1944 2430 quae

104 2442 262 2515 plura
290 2442 529 2515 recipere
560 2440 829 2493 deberent.
866 2441 1068 2491 Eadem
1092 2460 1221 2513 ergo
1253 2441 1446 2508 clavis,
1485 2461 1580 2492 seu
1617 2441 1945 2494 divisionum

107 2527 420 2594 methodus,
475 2547 612 2602 quae
657 2527 873 2580 nonnisi
917 2529 1096 2580 malas
1147 2537 1300 2579 antea
1347 2528 1671 2601 produxerat
1714 2528 1913 2602 species
1931 2566 1948 2598 2

109 2614 325 2668 nonnisi
361 2616 536 2668 bonas
555 2635 704 2668 nunc
727 2615 1005 2669 varietates
1029 2614 1263 2689 proferet
1286 2625 1336 2668 et
1363 2615 1643 2668 indicabit.
1671 2646 1741 2657 --

114 2815 166 2877 §.
214 2810 304 2868 26.
350 2809 803 2890 cognitioni
846 2809 1309 2893 specierum
1352 2808 1754 2870 innititur
1809 2832 1953 2870 om-

115 2905 240 2967 nis
281 2905 541 2966 solida
599 2905 947 2966 eruditio
997 2907 1362 2988 physica,
1416 2908 1952 2980 oeconomica,

117 3000 451 3075 medica;
495 3000 648 3060 imo
689 3001 933 3060 omnis
975 3023 1161 3062 vera
1202 3000 1560 3082 cognitio
1600 3002 1954 3064 humana.

934 3100 1156 3164 Linn,

254 3267 674 3348 Paragraphus
690 3267 909 3348 speciei
927 3264 1282 3348 dignitatem
1299 3279 1816 3341 tractaturuS‚non
1832 3290 1962 3330 me-

128 3359 276 3422 liora
306 3362 692 3423 memorabili
724 3363 911 3426 hocce
941 3366 1193 3426 Linnaei
1207 3364 1381 3425 effato
1401 3363 1588 3424 verba
1618 3364 1963 3425 sibiinscri-
